  <div class='ocr_page' id='page_1' title='image "/cluster/home/n/w/nwhite01/storage/ocr_20150623/78/uva.x000827090/697.png"; bbox 0 0 3990 6306; ppageno 0'>
   <div class='ocr_carea' id='block_1_1' title="bbox 607 309 748 366">
    <p class='ocr_par' dir='ltr' id='par_1_1' title="bbox 607 309 748 366">
     <span class='ocr_line' id='line_1_1' title="bbox 607 309 748 366; baseline 0.021 -3"><span class='ocrx_word' id='word_1_1' title='bbox 607 309 748 366; x_wconf 79' lang='grc'><strong>1579</strong></span> 
     </span>
    </p>
   </div>
   <div class='ocr_carea' id='block_1_2' title="bbox 1482 306 2984 377">
    <p class='ocr_par' dir='ltr' id='par_1_2' title="bbox 1482 306 2984 377">
     <span class='ocr_line' id='line_1_2' title="bbox 1482 306 2984 377; baseline 0.008 -13"><span class='ocrx_word' id='word_1_2' title='bbox 1482 310 1841 369; x_wconf 72' lang='grc' dir='ltr'><strong>ΔΡΡΕΝΒΙΧ</strong></span> <span class='ocrx_word' id='word_1_3' title='bbox 1883 316 1973 369; x_wconf 84' lang='lat' dir='ltr'><strong>AD</strong></span> <span class='ocrx_word' id='word_1_4' title='bbox 2011 316 2071 371; x_wconf 89' lang='lat' dir='ltr'><strong>S.</strong></span> <span class='ocrx_word' id='word_1_5' title='bbox 2111 306 2442 373; x_wconf 33' lang='lat' dir='ltr'><strong>CREGO&#39;RII</strong></span> <span class='ocrx_word' id='word_1_6' title='bbox 2480 318 2689 375; x_wconf 80' lang='lat' dir='ltr'><strong>MAGNI</strong></span> <span class='ocrx_word' id='word_1_7' title='bbox 2731 320 2984 377; x_wconf 75' lang='lat' dir='ltr'><strong>OPERA.</strong></span> 
     </span>
    </p>
   </div>
   <div class='ocr_carea' id='block_1_3' title="bbox 3765 331 3884 389">
    <p class='ocr_par' dir='ltr' id='par_1_3' title="bbox 3765 331 3884 389">
     <span class='ocr_line' id='line_1_3' title="bbox 3765 331 3884 389; baseline 0.05 -6"><span class='ocrx_word' id='word_1_8' title='bbox 3765 331 3884 389; x_wconf 61' lang='lat'><strong>15343</strong></span> 
     </span>
    </p>
   </div>
   <div class='ocr_carea' id='block_1_4' title="bbox 615 424 3880 511">
    <p class='ocr_par' dir='ltr' id='par_1_4' title="bbox 615 424 3880 511">
     <span class='ocr_line' id='line_1_4' title="bbox 615 424 3880 511; baseline 0.005 -28"><span class='ocrx_word' id='word_1_9' title='bbox 615 427 1002 511; x_wconf 44' lang='lat' dir='ltr'><strong>“gi-ltilurtttn</strong></span> <span class='ocrx_word' id='word_1_10' title='bbox 1034 424 1351 511; x_wconf 55' lang='lat' dir='ltr'><strong>degeneri</strong></span> <span class='ocrx_word' id='word_1_11' title='bbox 1376 439 1580 511; x_wconf 79' lang='lat' dir='ltr'><strong>corpus</strong></span> <span class='ocrx_word' id='word_1_12' title='bbox 1612 426 1837 511; x_wconf 57' lang='lat' dir='ltr'><strong>Domini.</strong></span> <span class='ocrx_word' id='word_1_13' title='bbox 1892 430 2182 511; x_wconf 77' lang='lat' dir='ltr'><strong>Audiamus</strong></span> <span class='ocrx_word' id='word_1_14' title='bbox 2214 433 2729 511; x_wconf 78' lang='lat' dir='ltr'><strong>Aqui__assumplus</strong></span> <span class='ocrx_word' id='word_1_15' title='bbox 2773 442 2864 511; x_wconf 76' lang='lat' dir='ltr'><strong>est</strong></span> <span class='ocrx_word' id='word_1_16' title='bbox 2901 449 2930 488; x_wconf 89' lang='lat' dir='ltr'><strong>a</strong></span> <span class='ocrx_word' id='word_1_17' title='bbox 2982 436 3137 511; x_wconf 69' lang='lat' dir='ltr'><strong>vobis</strong></span> <span class='ocrx_word' id='word_1_18' title='bbox 3189 453 3241 491; x_wconf 92' lang='lat' dir='ltr'><strong>in</strong></span> <span class='ocrx_word' id='word_1_19' title='bbox 3272 438 3496 511; x_wconf 78' lang='lat' dir='ltr'><strong>ctelum,</strong></span> <span class='ocrx_word' id='word_1_20' title='bbox 3550 450 3610 495; x_wconf 87' lang='lat' dir='ltr'><strong>et</strong></span> <span class='ocrx_word' id='word_1_21' title='bbox 3663 441 3880 511; x_wconf 71' lang='lat' dir='ltr'><strong>reiiqua.</strong></span> 
     </span>
    </p>
   </div>
   <div class='ocr_carea' id='block_1_5' title="bbox 614 495 2186 568">
    <p class='ocr_par' dir='ltr' id='par_1_5' title="bbox 614 495 2186 568">
     <span class='ocr_line' id='line_1_5' title="bbox 614 495 2186 568; baseline 0.003 -19"><span class='ocrx_word' id='word_1_22' title='bbox 614 495 743 568; x_wconf 85' lang='lat' dir='ltr'><strong>quid</strong></span> <span class='ocrx_word' id='word_1_23' title='bbox 792 498 858 550; x_wconf 92' lang='lat' dir='ltr'><strong>de</strong></span> <span class='ocrx_word' id='word_1_24' title='bbox 899 495 1009 568; x_wconf 69' lang='lat' dir='ltr'><strong>jam</strong></span> <span class='ocrx_word' id='word_1_25' title='bbox 1044 498 1490 568; x_wconf 59' lang='lat' dir='ltr'><strong>commemoratis</strong></span> <span class='ocrx_word' id='word_1_26' title='bbox 1539 496 1818 568; x_wconf 69' lang='lat' dir='ltr'><strong>gentilibus</strong></span> <span class='ocrx_word' id='word_1_27' title='bbox 1864 499 2186 567; x_wconf 88' lang='lat' dir='ltr'><strong>respondeat</strong></span> 
     </span>
    </p>
   </div>
   <div class='ocr_carea' id='block_1_6' title="bbox 616 562 2185 630">
    <p class='ocr_par' dir='ltr' id='par_1_6' title="bbox 616 562 2185 630">
     <span class='ocr_line' id='line_1_6' title="bbox 616 562 2185 630; baseline -0.001 -7"><span class='ocrx_word' id='word_1_28' title='bbox 616 562 909 623; x_wconf 69' lang='lat' dir='ltr'><strong>Dominus</strong></span> <span class='ocrx_word' id='word_1_29' title='bbox 947 562 1055 614; x_wconf 85' lang='lat' dir='ltr'><strong>Nisi</strong></span> <span class='ocrx_word' id='word_1_30' title='bbox 1112 578 1336 630; x_wconf 87' lang='lat' dir='ltr'><strong>granum</strong></span> <span class='ocrx_word' id='word_1_31' title='bbox 1392 564 1641 619; x_wconf 73' lang='lat' dir='ltr'><strong>frumenti</strong></span> <span class='ocrx_word' id='word_1_32' title='bbox 1692 567 1890 621; x_wconf 84' lang='lat' dir='ltr'><strong>cadens</strong></span> <span class='ocrx_word' id='word_1_33' title='bbox 1940 562 1991 621; x_wconf 79' lang='lat' dir='ltr'><strong>in</strong></span> <span class='ocrx_word' id='word_1_34' title='bbox 2046 580 2185 623; x_wconf 91' lang='lat' dir='ltr'><strong>terra</strong></span> 
     </span>
    </p>
   </div>
   <div class='ocr_carea' id='block_1_7' title="bbox 614 630 2186 705">
    <p class='ocr_par' dir='ltr' id='par_1_7' title="bbox 614 630 2186 705">
     <span class='ocr_line' id='line_1_7' title="bbox 614 630 2186 705; baseline 0.001 -14"><span class='ocrx_word' id='word_1_35' title='bbox 614 644 881 691; x_wconf 87' lang='lat' dir='ltr'><strong>mortuum</strong></span> <span class='ocrx_word' id='word_1_36' title='bbox 901 630 1088 705; x_wconf 80' lang='lat' dir='ltr'><strong>l&#39;ueril,</strong></span> <span class='ocrx_word' id='word_1_37' title='bbox 1116 631 1291 705; x_wconf 76' lang='lat' dir='ltr'><strong>ipsum</strong></span> <span class='ocrx_word' id='word_1_38' title='bbox 1322 634 1507 705; x_wconf 71' lang='lat' dir='ltr'><strong>aulum</strong></span> <span class='ocrx_word' id='word_1_39' title='bbox 1532 646 1732 691; x_wconf 84' lang='lat' dir='ltr'><strong>manet.</strong></span> <span class='ocrx_word' id='word_1_40' title='bbox 1782 637 1837 689; x_wconf 91' lang='lat' dir='ltr'><strong>In</strong></span> <span class='ocrx_word' id='word_1_41' title='bbox 1865 651 1973 705; x_wconf 88' lang='lat' dir='ltr'><strong>quo</strong></span> <span class='ocrx_word' id='word_1_42' title='bbox 2005 638 2186 705; x_wconf 81' lang='lat' dir='ltr'><strong>prole-</strong></span> 
     </span>
    </p>
   </div>
   <div class='ocr_carea' id='block_1_8' title="bbox 614 701 2184 773">
    <p class='ocr_par' dir='ltr' id='par_1_8' title="bbox 614 701 2184 773">
     <span class='ocr_line' id='line_1_8' title="bbox 614 701 2184 773; baseline 0.002 -15"><span class='ocrx_word' id='word_1_43' title='bbox 614 716 701 758; x_wconf 92' lang='lat' dir='ltr'><strong>cto</strong></span> <span class='ocrx_word' id='word_1_44' title='bbox 728 703 1047 764; x_wconf 75' lang='lat' dir='ltr'><strong>ostenditur,</strong></span> <span class='ocrx_word' id='word_1_45' title='bbox 1077 701 1177 754; x_wconf 83' lang='lat' dir='ltr'><strong>nisi</strong></span> <span class='ocrx_word' id='word_1_46' title='bbox 1225 704 1338 769; x_wconf 90' lang='lat' dir='ltr'><strong>ipse</strong></span> <span class='ocrx_word' id='word_1_47' title='bbox 1378 704 1665 769; x_wconf 88' lang='lat' dir='ltr'><strong>moriatur,</strong></span> <span class='ocrx_word' id='word_1_48' title='bbox 1696 701 2047 773; x_wconf 56' lang='lat' dir='ltr'><strong>gentiliiatet&#39;u</strong></span> <span class='ocrx_word' id='word_1_49' title='bbox 2080 722 2184 761; x_wconf 91' lang='lat' dir='ltr'><strong>non</strong></span> 
     </span>
    </p>
   </div>
   <div class='ocr_carea' id='block_1_9' title="bbox 612 773 2187 845">
    <p class='ocr_par' dir='ltr' id='par_1_9' title="bbox 612 773 2187 845">
     <span class='ocr_line' id='line_1_9' title="bbox 612 773 2187 845; baseline 0.003 -17"><span class='ocrx_word' id='word_1_50' title='bbox 612 774 729 828; x_wconf 80' lang='lat' dir='ltr'><strong>ﬁeri</strong></span> <span class='ocrx_word' id='word_1_51' title='bbox 759 786 951 835; x_wconf 89' lang='lat' dir='ltr'><strong>corpus</strong></span> <span class='ocrx_word' id='word_1_52' title='bbox 994 784 1172 845; x_wconf 77' lang='lat' dir='ltr'><strong>suum.</strong></span> <span class='ocrx_word' id='word_1_53' title='bbox 1220 773 1308 827; x_wconf 88' lang='lat' dir='ltr'><strong>Sic</strong></span> <span class='ocrx_word' id='word_1_54' title='bbox 1334 787 1463 828; x_wconf 86' lang='lat' dir='ltr'><strong>sane</strong></span> <span class='ocrx_word' id='word_1_55' title='bbox 1504 776 1739 845; x_wconf 83' lang='lat' dir='ltr'><strong>utpanis</strong></span> <span class='ocrx_word' id='word_1_56' title='bbox 1787 791 1950 844; x_wconf 89' lang='lat' dir='ltr'><strong>purus</strong></span> <span class='ocrx_word' id='word_1_57' title='bbox 1993 790 2187 845; x_wconf 88' lang='lat' dir='ltr'><strong>corpus</strong></span> 
     </span>
    </p>
   </div>
   <div class='ocr_carea' id='block_1_10' title="bbox 611 841 2185 911">
    <p class='ocr_par' dir='ltr' id='par_1_10' title="bbox 611 841 2185 911">
     <span class='ocr_line' id='line_1_10' title="bbox 611 841 2185 911; baseline 0.003 -16"><span class='ocrx_word' id='word_1_58' title='bbox 611 856 767 896; x_wconf 88' lang='lat' dir='ltr'><strong>suum</strong></span> <span class='ocrx_word' id='word_1_59' title='bbox 799 850 952 894; x_wconf 83' lang='lat' dir='ltr'><strong>antea</strong></span> <span class='ocrx_word' id='word_1_60' title='bbox 987 841 1097 894; x_wconf 64' lang='lat' dir='ltr'><strong>ﬁeri</strong></span> <span class='ocrx_word' id='word_1_61' title='bbox 1131 856 1233 895; x_wconf 91' lang='lat' dir='ltr'><strong>non</strong></span> <span class='ocrx_word' id='word_1_62' title='bbox 1266 851 1497 911; x_wconf 84' lang='lat' dir='ltr'><strong>poterat,</strong></span> <span class='ocrx_word' id='word_1_63' title='bbox 1533 843 1631 898; x_wconf 88' lang='lat' dir='ltr'><strong>nisi</strong></span> <span class='ocrx_word' id='word_1_64' title='bbox 1660 843 1725 897; x_wconf 88' lang='lat' dir='ltr'><strong>ad</strong></span> <span class='ocrx_word' id='word_1_65' title='bbox 1754 841 2063 899; x_wconf 82' lang='lat' dir='ltr'><strong>memoriam</strong></span> <span class='ocrx_word' id='word_1_66' title='bbox 2090 841 2185 900; x_wconf 75' lang='lat' dir='ltr'><strong>re-</strong></span> 
     </span>
    </p>
   </div>
   <div class='ocr_carea' id='block_1_11' title="bbox 612 911 2182 981">
    <p class='ocr_par' dir='ltr' id='par_1_11' title="bbox 612 911 2182 981">
     <span class='ocr_line' id='line_1_11' title="bbox 612 911 2182 981; baseline 0.002 -15"><span class='ocrx_word' id='word_1_67' title='bbox 612 912 839 966; x_wconf 83' lang='lat' dir='ltr'><strong>ducatur</strong></span> <span class='ocrx_word' id='word_1_68' title='bbox 876 911 1173 981; x_wconf 68' lang='lat' dir='ltr'><strong>sacerdotis</strong></span> <span class='ocrx_word' id='word_1_69' title='bbox 1222 923 1611 967; x_wconf 79' lang='lat' dir='ltr'><strong>sacramentum</strong></span> <span class='ocrx_word' id='word_1_70' title='bbox 1654 915 1914 981; x_wconf 80' lang='lat' dir='ltr'><strong>passionis</strong></span> <span class='ocrx_word' id='word_1_71' title='bbox 1946 914 2182 981; x_wconf 85' lang='lat' dir='ltr'><strong>Domini,</strong></span> 
     </span>
    </p>
   </div>
   <div class='ocr_carea' id='block_1_12' title="bbox 611 980 1799 1049">
    <p class='ocr_par' dir='ltr' id='par_1_12' title="bbox 611 980 1799 1049">
     <span class='ocr_line' id='line_1_12' title="bbox 611 980 1799 1049; baseline -0.001 -12"><span class='ocrx_word' id='word_1_72' title='bbox 611 994 665 1037; x_wconf 86' lang='lat' dir='ltr'><strong>et</strong></span> <span class='ocrx_word' id='word_1_73' title='bbox 696 982 872 1036; x_wconf 84' lang='lat' dir='ltr'><strong>crucis</strong></span> <span class='ocrx_word' id='word_1_74' title='bbox 901 980 1232 1049; x_wconf 78' lang='lat' dir='ltr'><strong>signaculum</strong></span> <span class='ocrx_word' id='word_1_75' title='bbox 1261 996 1356 1049; x_wconf 92' lang='lat' dir='ltr'><strong>pro</strong></span> <span class='ocrx_word' id='word_1_76' title='bbox 1382 998 1447 1035; x_wconf 92' lang='lat' dir='ltr'><strong>eo</strong></span> <span class='ocrx_word' id='word_1_77' title='bbox 1478 980 1799 1037; x_wconf 82' lang='lat' dir='ltr'><strong>celebretur.</strong></span> 
     </span>
    </p>
   </div>
   <div class='ocr_carea' id='block_1_13' title="bbox 678 1049 2184 1123">
    <p class='ocr_par' dir='ltr' id='par_1_13' title="bbox 678 1049 2184 1123">
     <span class='ocr_line' id='line_1_13' title="bbox 678 1049 2184 1123; baseline 0.003 -20"><span class='ocrx_word' id='word_1_78' title='bbox 678 1052 768 1123; x_wconf 56' lang='grc' dir='ltr'><strong>εἴ.</strong></span> <span class='ocrx_word' id='word_1_79' title='bbox 813 1049 947 1123; x_wconf 70' lang='lat' dir='ltr'><strong>Item</strong></span> <span class='ocrx_word' id='word_1_80' title='bbox 973 1050 1039 1103; x_wconf 84' lang='lat' dir='ltr'><strong>de</strong></span> <span class='ocrx_word' id='word_1_81' title='bbox 1084 1050 1316 1123; x_wconf 56' lang='lat' dir='ltr'><strong>Secreta:</strong></span> <span class='ocrx_word' id='word_1_82' title='bbox 1341 1052 1583 1106; x_wconf 82' lang='lat' dir='ltr'><strong>Christus</strong></span> <span class='ocrx_word' id='word_1_83' title='bbox 1625 1052 1964 1108; x_wconf 82' lang='lat' dir='ltr'><strong>solitudinem</strong></span> <span class='ocrx_word' id='word_1_84' title='bbox 1991 1054 2184 1123; x_wconf 62' lang='lat' dir='ltr'><strong>quassi-</strong></span> 
     </span>
    </p>
   </div>
   <div class='ocr_carea' id='block_1_14' title="bbox 610 1120 2185 1192">
    <p class='ocr_par' dir='ltr' id='par_1_14' title="bbox 610 1120 2185 1192">
     <span class='ocr_line' id='line_1_14' title="bbox 610 1120 2185 1192; baseline 0.004 -21"><span class='ocrx_word' id='word_1_85' title='bbox 610 1121 687 1175; x_wconf 79' lang='lat' dir='ltr'><strong>vit</strong></span> <span class='ocrx_word' id='word_1_86' title='bbox 733 1120 787 1174; x_wconf 93' lang='lat' dir='ltr'><strong>in</strong></span> <span class='ocrx_word' id='word_1_87' title='bbox 835 1120 1147 1192; x_wconf 73' lang='lat' dir='ltr'><strong>Oratione;_</strong></span> <span class='ocrx_word' id='word_1_88' title='bbox 1174 1120 1336 1191; x_wconf 81' lang='lat'><strong>559</strong></span> <span class='ocrx_word' id='word_1_89' title='bbox 1382 1131 1578 1192; x_wconf 87' lang='lat' dir='ltr'><strong>quanto</strong></span> <span class='ocrx_word' id='word_1_90' title='bbox 1630 1125 1797 1191; x_wconf 85' lang='lat' dir='ltr'><strong>magis</strong></span> <span class='ocrx_word' id='word_1_91' title='bbox 1829 1139 1925 1177; x_wconf 90' lang='lat' dir='ltr'><strong>nos</strong></span> <span class='ocrx_word' id='word_1_92' title='bbox 1956 1120 2185 1192; x_wconf 82' lang='lat' dir='ltr'><strong>oportet</strong></span> 
     </span>
    </p>
   </div>
   <div class='ocr_carea' id='block_1_15' title="bbox 608 1190 2183 1259">
    <p class='ocr_par' dir='ltr' id='par_1_15' title="bbox 608 1190 2183 1259">
     <span class='ocr_line' id='line_1_15' title="bbox 608 1190 2183 1259; baseline 0.002 -16"><span class='ocrx_word' id='word_1_93' title='bbox 608 1204 873 1259; x_wconf 63' lang='lat' dir='ltr'><strong>qumrere,</strong></span> <span class='ocrx_word' id='word_1_94' title='bbox 904 1190 991 1257; x_wconf 87' lang='lat' dir='ltr'><strong>qui</strong></span> <span class='ocrx_word' id='word_1_95' title='bbox 1047 1190 1278 1258; x_wconf 81' lang='lat' dir='ltr'><strong>undique</strong></span> <span class='ocrx_word' id='word_1_96' title='bbox 1322 1190 2070 1247; x_wconf 32' lang='lat' dir='ltr'><strong>circumdamtir’lumullibus</strong></span> <span class='ocrx_word' id='word_1_97' title='bbox 2104 1193 2183 1246; x_wconf 80' lang='lat' dir='ltr'><strong>vi-</strong></span> 
     </span>
    </p>
   </div>
   <div class='ocr_carea' id='block_1_16' title="bbox 610 1260 2182 1330">
    <p class='ocr_par' dir='ltr' id='par_1_16' title="bbox 610 1260 2182 1330">
     <span class='ocr_line' id='line_1_16' title="bbox 610 1260 2182 1330; baseline 0.001 -17"><span class='ocrx_word' id='word_1_98' title='bbox 610 1265 832 1327; x_wconf 87' lang='lat' dir='ltr'><strong>tioriim,</strong></span> <span class='ocrx_word' id='word_1_99' title='bbox 862 1268 915 1310; x_wconf 73' lang='lat' dir='ltr'><strong>et</strong></span> <span class='ocrx_word' id='word_1_100' title='bbox 941 1260 1327 1330; x_wconf 72' lang='lat' dir='ltr'><strong>consuetudine</strong></span> <span class='ocrx_word' id='word_1_101' title='bbox 1356 1261 1635 1314; x_wconf 69' lang='lat' dir='ltr'><strong>smculari?</strong></span> <span class='ocrx_word' id='word_1_102' title='bbox 1670 1260 1808 1315; x_wconf 86' lang='lat' dir='ltr'><strong>Utile</strong></span> <span class='ocrx_word' id='word_1_103' title='bbox 1839 1278 2068 1330; x_wconf 84' lang='lat' dir='ltr'><strong>namque</strong></span> <span class='ocrx_word' id='word_1_104' title='bbox 2097 1272 2182 1315; x_wconf 87' lang='lat' dir='ltr'><strong>est</strong></span> 
     </span>
    </p>
   </div>
   <div class='ocr_carea' id='block_1_17' title="bbox 609 1328 2181 1396">
    <p class='ocr_par' dir='ltr' id='par_1_17' title="bbox 609 1328 2181 1396">
     <span class='ocr_line' id='line_1_17' title="bbox 609 1328 2181 1396; baseline 0.001 -13"><span class='ocrx_word' id='word_1_105' title='bbox 609 1346 822 1385; x_wconf 89' lang='lat' dir='ltr'><strong>omnem</strong></span> <span class='ocrx_word' id='word_1_106' title='bbox 866 1328 1174 1382; x_wconf 81' lang='lat' dir='ltr'><strong>Orationem</strong></span> <span class='ocrx_word' id='word_1_107' title='bbox 1225 1330 1508 1396; x_wconf 79' lang='lat' dir='ltr'><strong>specialem</strong></span> <span class='ocrx_word' id='word_1_108' title='bbox 1556 1330 1895 1385; x_wconf 84' lang='lat' dir='ltr'><strong>sacerdotum</strong></span> <span class='ocrx_word' id='word_1_109' title='bbox 1920 1328 2181 1386; x_wconf 77' lang='lat' dir='ltr'><strong>secretam</strong></span> 
     </span>
    </p>
   </div>
   <div class='ocr_carea' id='block_1_18' title="bbox 609 1398 2185 1468">
    <p class='ocr_par' dir='ltr' id='par_1_18' title="bbox 609 1398 2185 1468">
     <span class='ocr_line' id='line_1_18' title="bbox 609 1398 2185 1468; baseline 0 -14"><span class='ocrx_word' id='word_1_110' title='bbox 609 1415 753 1464; x_wconf 89' lang='lat' dir='ltr'><strong>esse,</strong></span> <span class='ocrx_word' id='word_1_111' title='bbox 773 1409 827 1452; x_wconf 90' lang='lat' dir='ltr'><strong>ut</strong></span> <span class='ocrx_word' id='word_1_112' title='bbox 850 1413 954 1468; x_wconf 88' lang='lat' dir='ltr'><strong>non</strong></span> <span class='ocrx_word' id='word_1_113' title='bbox 981 1398 1276 1466; x_wconf 73' lang='lat' dir='ltr'><strong>Cogitemus</strong></span> <span class='ocrx_word' id='word_1_114' title='bbox 1300 1400 1566 1468; x_wconf 88' lang='lat' dir='ltr'><strong>quomodo</strong></span> <span class='ocrx_word' id='word_1_115' title='bbox 1598 1402 1805 1467; x_wconf 84' lang='lat' dir='ltr'><strong>placeat</strong></span> <span class='ocrx_word' id='word_1_116' title='bbox 1830 1416 1929 1454; x_wconf 71' lang='lat' dir='ltr'><strong>vos</strong></span> <span class='ocrx_word' id='word_1_117' title='bbox 1964 1412 2017 1456; x_wconf 90' lang='lat' dir='ltr'><strong>et</strong></span> <span class='ocrx_word' id='word_1_118' title='bbox 2037 1415 2185 1454; x_wconf 91' lang='lat' dir='ltr'><strong>coui-</strong></span> 
     </span>
    </p>
   </div>
   <div class='ocr_carea' id='block_1_19' title="bbox 611 1467 2187 1539">
    <p class='ocr_par' dir='ltr' id='par_1_19' title="bbox 611 1467 2187 1539">
     <span class='ocr_line' id='line_1_19' title="bbox 611 1467 2187 1539; baseline 0.003 -19"><span class='ocrx_word' id='word_1_119' title='bbox 611 1470 803 1539; x_wconf 77' lang='lat' dir='ltr'><strong>positio</strong></span> <span class='ocrx_word' id='word_1_120' title='bbox 828 1467 938 1520; x_wconf 81' lang='lat' dir='ltr'><strong>oris</strong></span> <span class='ocrx_word' id='word_1_121' title='bbox 971 1468 1164 1534; x_wconf 91' lang='lat' dir='ltr'><strong>populo</strong></span> <span class='ocrx_word' id='word_1_122' title='bbox 1196 1467 1407 1539; x_wconf 89' lang='lat' dir='ltr'><strong>terreno</strong></span> <span class='ocrx_word' id='word_1_123' title='bbox 1428 1511 1441 1532; x_wconf 93' lang='lat'><strong>,</strong></span> <span class='ocrx_word' id='word_1_124' title='bbox 1474 1470 1566 1523; x_wconf 89' lang='lat' dir='ltr'><strong>sed</strong></span> <span class='ocrx_word' id='word_1_125' title='bbox 1601 1470 1967 1523; x_wconf 85' lang='lat' dir='ltr'><strong>tantummodo</strong></span> <span class='ocrx_word' id='word_1_126' title='bbox 1988 1471 2187 1538; x_wconf 81' lang='lat' dir='ltr'><strong>cogite-</strong></span> 
     </span>
    </p>
   </div>
   <div class='ocr_carea' id='block_1_20' title="bbox 613 1538 2182 1608">
    <p class='ocr_par' dir='ltr' id='par_1_20' title="bbox 613 1538 2182 1608">
     <span class='ocr_line' id='line_1_20' title="bbox 613 1538 2182 1608; baseline 0 -15"><span class='ocrx_word' id='word_1_127' title='bbox 613 1538 730 1593; x_wconf 87' lang='lat' dir='ltr'><strong>inus</strong></span> <span class='ocrx_word' id='word_1_128' title='bbox 774 1538 999 1606; x_wconf 82' lang='lat' dir='ltr'><strong>qualiter</strong></span> <span class='ocrx_word' id='word_1_129' title='bbox 1029 1552 1180 1608; x_wconf 85' lang='lat' dir='ltr'><strong>meus</strong></span> <span class='ocrx_word' id='word_1_130' title='bbox 1229 1538 1327 1590; x_wconf 84' lang='lat' dir='ltr'><strong>soli</strong></span> <span class='ocrx_word' id='word_1_131' title='bbox 1382 1538 1493 1591; x_wconf 87' lang='lat' dir='ltr'><strong>Deo</strong></span> <span class='ocrx_word' id='word_1_132' title='bbox 1521 1540 1810 1592; x_wconf 79' lang='lat' dir='ltr'><strong>conciirdet</strong></span> <span class='ocrx_word' id='word_1_133' title='bbox 1839 1553 1997 1608; x_wconf 88' lang='lat' dir='ltr'><strong>quem</strong></span> <span class='ocrx_word' id='word_1_134' title='bbox 2042 1550 2182 1593; x_wconf 88' lang='lat' dir='ltr'><strong>orat.</strong></span> 
     </span>
    </p>
   </div>
   <div class='ocr_carea' id='block_1_21' title="bbox 610 1606 2184 1675">
    <p class='ocr_par' dir='ltr' id='par_1_21' title="bbox 610 1606 2184 1675">
     <span class='ocr_line' id='line_1_21' title="bbox 610 1606 2184 1675; baseline 0.001 -14"><span class='ocrx_word' id='word_1_135' title='bbox 610 1609 695 1661; x_wconf 81' lang='lat' dir='ltr'><strong>Ab</strong></span> <span class='ocrx_word' id='word_1_136' title='bbox 726 1607 813 1661; x_wconf 87' lang='lat' dir='ltr'><strong>illo</strong></span> <span class='ocrx_word' id='word_1_137' title='bbox 844 1607 959 1659; x_wconf 71' lang='grc' dir='ltr'><strong>Ιοοη</strong></span> <span class='ocrx_word' id='word_1_138' title='bbox 989 1606 1077 1659; x_wconf 88' lang='lat' dir='ltr'><strong>ubi</strong></span> <span class='ocrx_word' id='word_1_139' title='bbox 1106 1606 1376 1660; x_wconf 88' lang='lat' dir='ltr'><strong>Secrelani</strong></span> <span class='ocrx_word' id='word_1_140' title='bbox 1406 1608 1533 1660; x_wconf 86' lang='lat' dir='ltr'><strong>dicit</strong></span> <span class='ocrx_word' id='word_1_141' title='bbox 1580 1606 1891 1674; x_wconf 71' lang='lat' dir='ltr'><strong>epiSCODUS,</strong></span> <span class='ocrx_word' id='word_1_142' title='bbox 1923 1624 2090 1675; x_wconf 61' lang='lat' dir='ltr'><strong>usque</strong></span> <span class='ocrx_word' id='word_1_143' title='bbox 2117 1611 2184 1663; x_wconf 89' lang='lat' dir='ltr'><strong>ad</strong></span> 
     </span>
    </p>
   </div>
   <div class='ocr_carea' id='block_1_22' title="bbox 611 1675 2179 1747">
    <p class='ocr_par' dir='ltr' id='par_1_22' title="bbox 611 1675 2179 1747">
     <span class='ocr_line' id='line_1_22' title="bbox 611 1675 2179 1747; baseline 0.002 -17"><span class='ocrx_word' id='word_1_144' title='bbox 611 1679 788 1747; x_wconf 75' lang='lat' dir='ltr'><strong>Agnus</strong></span> <span class='ocrx_word' id='word_1_145' title='bbox 815 1675 946 1747; x_wconf 48' lang='lat' dir='ltr'><strong>Dei,</strong></span> <span class='ocrx_word' id='word_1_146' title='bbox 979 1685 1144 1727; x_wconf 90' lang='lat' dir='ltr'><strong>totum</strong></span> <span class='ocrx_word' id='word_1_147' title='bbox 1179 1676 1483 1747; x_wconf 62' lang='lat' dir='ltr'><strong>illud,vocat</strong></span> <span class='ocrx_word' id='word_1_148' title='bbox 1511 1678 1843 1747; x_wconf 81' lang='lat' dir='ltr'><strong>Augustinus</strong></span> <span class='ocrx_word' id='word_1_149' title='bbox 1875 1679 2179 1733; x_wconf 82' lang='lat' dir='ltr'><strong>Orationes.</strong></span> 
     </span>
    </p>
   </div>
   <div class='ocr_carea' id='block_1_23' title="bbox 679 1743 2180 1815">
    <p class='ocr_par' dir='ltr' id='par_1_23' title="bbox 679 1743 2180 1815">
     <span class='ocr_line' id='line_1_23' title="bbox 679 1743 2180 1815; baseline 0.004 -18"><span class='ocrx_word' id='word_1_150' title='bbox 679 1746 770 1799; x_wconf 71' lang='lat'><strong>28.</strong></span> <span class='ocrx_word' id='word_1_151' title='bbox 806 1745 881 1797; x_wconf 90' lang='lat' dir='ltr'><strong>De</strong></span> <span class='ocrx_word' id='word_1_152' title='bbox 908 1743 1241 1813; x_wconf 74' lang='lat' dir='ltr'><strong>Prwfatione.</strong></span> <span class='ocrx_word' id='word_1_153' title='bbox 1278 1746 1523 1798; x_wconf 64' lang='lat' dir='ltr'><strong>Praefatio</strong></span> <span class='ocrx_word' id='word_1_154' title='bbox 1550 1743 1776 1813; x_wconf 83' lang='lat' dir='ltr'><strong>namque</strong></span> <span class='ocrx_word' id='word_1_155' title='bbox 1797 1745 2009 1812; x_wconf 76' lang='lat' dir='ltr'><strong>dicitur,</strong></span> <span class='ocrx_word' id='word_1_156' title='bbox 2034 1751 2180 1815; x_wconf 86' lang='lat' dir='ltr'><strong>quasi</strong></span> 
     </span>
    </p>
   </div>
   <div class='ocr_carea' id='block_1_24' title="bbox 610 1815 2181 1884">
    <p class='ocr_par' dir='ltr' id='par_1_24' title="bbox 610 1815 2181 1884">
     <span class='ocr_line' id='line_1_24' title="bbox 610 1815 2181 1884; baseline 0.001 -16"><span class='ocrx_word' id='word_1_157' title='bbox 610 1816 943 1884; x_wconf 74' lang='lat' dir='ltr'><strong>prtelocutio.</strong></span> <span class='ocrx_word' id='word_1_158' title='bbox 980 1815 1101 1868; x_wconf 69' lang='lat' dir='ltr'><strong>llaec</strong></span> <span class='ocrx_word' id='word_1_159' title='bbox 1134 1830 1361 1883; x_wconf 81' lang='lat' dir='ltr'><strong>namque</strong></span> <span class='ocrx_word' id='word_1_160' title='bbox 1390 1816 1571 1868; x_wconf 83' lang='lat' dir='ltr'><strong>Oratio</strong></span> <span class='ocrx_word' id='word_1_161' title='bbox 1619 1832 1737 1883; x_wconf 68' lang='lat' dir='ltr'><strong>quae</strong></span> <span class='ocrx_word' id='word_1_162' title='bbox 1768 1815 2015 1869; x_wconf 75' lang='lat' dir='ltr'><strong>Prtefatio</strong></span> <span class='ocrx_word' id='word_1_163' title='bbox 2045 1818 2181 1870; x_wconf 76' lang='lat' dir='ltr'><strong>dici-</strong></span> 
     </span>
    </p>
   </div>
   <div class='ocr_carea' id='block_1_25' title="bbox 612 1884 2180 1953">
    <p class='ocr_par' dir='ltr' id='par_1_25' title="bbox 612 1884 2180 1953">
     <span class='ocr_line' id='line_1_25' title="bbox 612 1884 2180 1953; baseline 0.002 -16"><span class='ocrx_word' id='word_1_164' title='bbox 612 1896 718 1949; x_wconf 86' lang='lat' dir='ltr'><strong>tur,</strong></span> <span class='ocrx_word' id='word_1_165' title='bbox 771 1885 1202 1953; x_wconf 26' lang='lat' dir='ltr'><strong>prrelocutioﬂest</strong></span> <span class='ocrx_word' id='word_1_166' title='bbox 1251 1885 1413 1937; x_wconf 88' lang='lat' dir='ltr'><strong>totius</strong></span> <span class='ocrx_word' id='word_1_167' title='bbox 1437 1894 1699 1953; x_wconf 67' lang='lat' dir='ltr'><strong>secuturae</strong></span> <span class='ocrx_word' id='word_1_168' title='bbox 1744 1884 2012 1939; x_wconf 86' lang='lat' dir='ltr'><strong>Orationis</strong></span> <span class='ocrx_word' id='word_1_169' title='bbox 2062 1902 2180 1953; x_wconf 70' lang='lat' dir='ltr'><strong>qua:</strong></span> 
     </span>
    </p>
   </div>
   <div class='ocr_carea' id='block_1_26' title="bbox 609 1951 2181 2024">
    <p class='ocr_par' dir='ltr' id='par_1_26' title="bbox 609 1951 2181 2024">
     <span class='ocr_line' id='line_1_26' title="bbox 609 1951 2181 2024; baseline 0.001 -16"><span class='ocrx_word' id='word_1_170' title='bbox 609 1951 891 2009; x_wconf 80' lang='lat' dir='ltr'><strong>inchoatur</strong></span> <span class='ocrx_word' id='word_1_171' title='bbox 919 1963 1041 2024; x_wconf 88' lang='lat' dir='ltr'><strong>ante</strong></span> <span class='ocrx_word' id='word_1_172' title='bbox 1071 1952 1142 2006; x_wconf 84' lang='lat' dir='ltr'><strong>Te</strong></span> <span class='ocrx_word' id='word_1_173' title='bbox 1171 1954 1350 2023; x_wconf 80' lang='lat' dir='ltr'><strong>igitur,</strong></span> <span class='ocrx_word' id='word_1_174' title='bbox 1376 1951 1716 2021; x_wconf 78' lang='lat' dir='ltr'><strong>pervenitque</strong></span> <span class='ocrx_word' id='word_1_175' title='bbox 1736 1968 1900 2021; x_wconf 91' lang='lat' dir='ltr'><strong>usque</strong></span> <span class='ocrx_word' id='word_1_176' title='bbox 1927 1956 1991 2009; x_wconf 91' lang='lat' dir='ltr'><strong>ad</strong></span> <span class='ocrx_word' id='word_1_177' title='bbox 2006 1951 2181 2024; x_wconf 81' lang='lat' dir='ltr'><strong>Agnus</strong></span> 
     </span>
    </p>
   </div>
   <div class='ocr_carea' id='block_1_27' title="bbox 615 2023 2178 2090">
    <p class='ocr_par' dir='ltr' id='par_1_27' title="bbox 615 2023 2178 2090">
     <span class='ocr_line' id='line_1_27' title="bbox 615 2023 2178 2090; baseline 0 -14"><span class='ocrx_word' id='word_1_178' title='bbox 615 2025 731 2077; x_wconf 68' lang='grc' dir='ltr'><strong>ΙΜ.</strong></span> <span class='ocrx_word' id='word_1_179' title='bbox 766 2024 910 2077; x_wconf 78' lang='lat' dir='ltr'><strong>lianc</strong></span> <span class='ocrx_word' id='word_1_180' title='bbox 958 2023 1116 2090; x_wconf 81' lang='lat' dir='ltr'><strong>igitur</strong></span> <span class='ocrx_word' id='word_1_181' title='bbox 1160 2023 1603 2077; x_wconf 84' lang='lat' dir='ltr'><strong>consuetudinem</strong></span> <span class='ocrx_word' id='word_1_182' title='bbox 1649 2024 1761 2075; x_wconf 72' lang='lat' dir='ltr'><strong>litec</strong></span> <span class='ocrx_word' id='word_1_183' title='bbox 1790 2025 1973 2077; x_wconf 87' lang='lat' dir='ltr'><strong>Oratio</strong></span> <span class='ocrx_word' id='word_1_184' title='bbox 2004 2023 2178 2088; x_wconf 85' lang='lat' dir='ltr'><strong>tenet,</strong></span> 
     </span>
    </p>
   </div>
   <div class='ocr_carea' id='block_1_28' title="bbox 608 2092 2183 2161">
    <p class='ocr_par' dir='ltr' id='par_1_28' title="bbox 608 2092 2183 2161">
     <span class='ocr_line' id='line_1_28' title="bbox 608 2092 2183 2161; baseline -0.001 -13"><span class='ocrx_word' id='word_1_185' title='bbox 608 2109 766 2161; x_wconf 85' lang='lat' dir='ltr'><strong>quam</strong></span> <span class='ocrx_word' id='word_1_186' title='bbox 796 2092 979 2145; x_wconf 87' lang='lat' dir='ltr'><strong>habuit</strong></span> <span class='ocrx_word' id='word_1_187' title='bbox 1019 2093 1202 2161; x_wconf 74' lang='lat' dir='ltr'><strong>Oratio</strong></span> <span class='ocrx_word' id='word_1_188' title='bbox 1234 2093 1444 2144; x_wconf 83' lang='lat' dir='ltr'><strong>Patrum</strong></span> <span class='ocrx_word' id='word_1_189' title='bbox 1481 2098 1788 2146; x_wconf 84' lang='lat' dir='ltr'><strong>nostrorum</strong></span> <span class='ocrx_word' id='word_1_190' title='bbox 1818 2092 1908 2160; x_wconf 90' lang='lat' dir='ltr'><strong>qui</strong></span> <span class='ocrx_word' id='word_1_191' title='bbox 1936 2096 2183 2147; x_wconf 85' lang='lat' dir='ltr'><strong>solebant</strong></span> 
     </span>
    </p>
   </div>
   <div class='ocr_carea' id='block_1_29' title="bbox 610 2157 2179 2231">
    <p class='ocr_par' dir='ltr' id='par_1_29' title="bbox 610 2157 2179 2231">
     <span class='ocr_line' id='line_1_29' title="bbox 610 2157 2179 2231; baseline 0 -14"><span class='ocrx_word' id='word_1_192' title='bbox 610 2157 794 2217; x_wconf 81' lang='lat' dir='ltr'><strong>laudes</strong></span> <span class='ocrx_word' id='word_1_193' title='bbox 842 2163 950 2216; x_wconf 66' lang='lat' dir='ltr'><strong>Deo</strong></span> <span class='ocrx_word' id='word_1_194' title='bbox 980 2157 1180 2231; x_wconf 76' lang='lat' dir='ltr'><strong>referre</strong></span> <span class='ocrx_word' id='word_1_195' title='bbox 1212 2163 1262 2215; x_wconf 91' lang='lat' dir='ltr'><strong>in</strong></span> <span class='ocrx_word' id='word_1_196' title='bbox 1291 2161 1567 2215; x_wconf 85' lang='lat' dir='ltr'><strong>Oratione.</strong></span> <span class='ocrx_word' id='word_1_197' title='bbox 1598 2161 1671 2214; x_wconf 89' lang='lat' dir='ltr'><strong>Ita</strong></span> <span class='ocrx_word' id='word_1_198' title='bbox 1721 2157 1949 2231; x_wconf 82' lang='lat' dir='ltr'><strong>namque</strong></span> <span class='ocrx_word' id='word_1_199' title='bbox 1995 2163 2179 2217; x_wconf 80' lang='lat' dir='ltr'><strong>Daniel</strong></span> 
     </span>
    </p>
   </div>
   <div class='ocr_carea' id='block_1_30' title="bbox 609 2230 2180 2302">
    <p class='ocr_par' dir='ltr' id='par_1_30' title="bbox 609 2230 2180 2302">
     <span class='ocr_line' id='line_1_30' title="bbox 609 2230 2180 2302; baseline 0.001 -16"><span class='ocrx_word' id='word_1_200' title='bbox 609 2236 783 2286; x_wconf 85' lang='lat' dir='ltr'><strong>oravit</strong></span> <span class='ocrx_word' id='word_1_201' title='bbox 813 2249 826 2285; x_wconf 89' lang='lat'><strong>:</strong></span> <span class='ocrx_word' id='word_1_202' title='bbox 862 2230 1253 2302; x_wconf 81' lang='lat' dir='ltr'><strong>Domine__Deus</strong></span> <span class='ocrx_word' id='word_1_203' title='bbox 1295 2240 1511 2297; x_wconf 86' lang='lat' dir='ltr'><strong>noster,</strong></span> <span class='ocrx_word' id='word_1_204' title='bbox 1544 2232 1633 2301; x_wconf 86' lang='lat' dir='ltr'><strong>qui</strong></span> <span class='ocrx_word' id='word_1_205' title='bbox 1676 2230 1904 2286; x_wconf 79' lang='lat' dir='ltr'><strong>eduxisti</strong></span> <span class='ocrx_word' id='word_1_206' title='bbox 1930 2234 2180 2302; x_wconf 90' lang='lat' dir='ltr'><strong>populum</strong></span> 
     </span>
    </p>
   </div>
   <div class='ocr_carea' id='block_1_31' title="bbox 609 2299 1423 2369">
    <p class='ocr_par' dir='ltr' id='par_1_31' title="bbox 609 2299 1423 2369">
     <span class='ocr_line' id='line_1_31' title="bbox 609 2299 1423 2369; baseline -0.001 -14"><span class='ocrx_word' id='word_1_207' title='bbox 609 2313 755 2355; x_wconf 84' lang='lat' dir='ltr'><strong>tuum</strong></span> <span class='ocrx_word' id='word_1_208' title='bbox 787 2303 855 2355; x_wconf 92' lang='lat' dir='ltr'><strong>de</strong></span> <span class='ocrx_word' id='word_1_209' title='bbox 880 2312 1017 2354; x_wconf 87' lang='lat' dir='ltr'><strong>terra</strong></span> <span class='ocrx_word' id='word_1_210' title='bbox 1052 2299 1284 2369; x_wconf 63' lang='lat' dir='ltr'><strong>Aﬂgypli,</strong></span> <span class='ocrx_word' id='word_1_211' title='bbox 1318 2311 1423 2354; x_wconf 89' lang='lat' dir='ltr'><strong>etc.</strong></span> 
     </span>
    </p>
   </div>
   <div class='ocr_carea' id='block_1_32' title="bbox 678 2369 2176 2440">
    <p class='ocr_par' dir='ltr' id='par_1_32' title="bbox 678 2369 2176 2440">
     <span class='ocr_line' id='line_1_32' title="bbox 678 2369 2176 2440; baseline -0.001 -15"><span class='ocrx_word' id='word_1_212' title='bbox 678 2372 769 2427; x_wconf 73' lang='grc'><strong>29.</strong></span> <span class='ocrx_word' id='word_1_213' title='bbox 812 2371 887 2423; x_wconf 89' lang='lat' dir='ltr'><strong>De</strong></span> <span class='ocrx_word' id='word_1_214' title='bbox 915 2369 1036 2422; x_wconf 60' lang='lat' dir='ltr'><strong>Boni</strong></span> <span class='ocrx_word' id='word_1_215' title='bbox 1054 2372 1274 2423; x_wconf 80' lang='lat' dir='ltr'><strong>dietione</strong></span> <span class='ocrx_word' id='word_1_216' title='bbox 1317 2379 1427 2440; x_wconf 85' lang='lat' dir='ltr'><strong>post</strong></span> <span class='ocrx_word' id='word_1_217' title='bbox 1456 2373 1876 2425; x_wconf 84' lang='lat' dir='ltr'><strong>communionem.</strong></span> <span class='ocrx_word' id='word_1_218' title='bbox 1903 2371 2176 2426; x_wconf 86' lang='lat' dir='ltr'><strong>Poslcom-</strong></span> 
     </span>
    </p>
   </div>
   <div class='ocr_carea' id='block_1_33' title="bbox 606 2439 2179 2510">
    <p class='ocr_par' dir='ltr' id='par_1_33' title="bbox 606 2439 2179 2510">
     <span class='ocr_line' id='line_1_33' title="bbox 606 2439 2179 2510; baseline 0 -13"><span class='ocrx_word' id='word_1_219' title='bbox 606 2444 913 2497; x_wconf 89' lang='lat' dir='ltr'><strong>niuuionem</strong></span> <span class='ocrx_word' id='word_1_220' title='bbox 938 2442 1071 2494; x_wconf 89' lang='lat' dir='ltr'><strong>lianc</strong></span> <span class='ocrx_word' id='word_1_221' title='bbox 1093 2439 1398 2510; x_wconf 73' lang='lat' dir='ltr'><strong>Orationem</strong></span> <span class='ocrx_word' id='word_1_222' title='bbox 1424 2442 1748 2510; x_wconf 83' lang='lat' dir='ltr'><strong>Augustinus</strong></span> <span class='ocrx_word' id='word_1_223' title='bbox 1772 2441 2179 2510; x_wconf 84' lang='lat' dir='ltr'><strong>postulationem</strong></span> 
     </span>
    </p>
   </div>
   <div class='ocr_carea' id='block_1_34' title="bbox 609 2509 2181 2579">
    <p class='ocr_par' dir='ltr' id='par_1_34' title="bbox 609 2509 2181 2579">
     <span class='ocr_line' id='line_1_34' title="bbox 609 2509 2181 2579; baseline 0.001 -16"><span class='ocrx_word' id='word_1_224' title='bbox 609 2522 778 2566; x_wconf 88' lang='lat' dir='ltr'><strong>vocat.</strong></span> <span class='ocrx_word' id='word_1_225' title='bbox 825 2509 1380 2564; x_wconf 77' lang='lat' dir='ltr'><strong>Postcmiiiiiuuiouem</strong></span> <span class='ocrx_word' id='word_1_226' title='bbox 1430 2509 1657 2579; x_wconf 84' lang='lat' dir='ltr'><strong>namque</strong></span> <span class='ocrx_word' id='word_1_227' title='bbox 1686 2509 1837 2574; x_wconf 81' lang='lat' dir='ltr'><strong>dicit,</strong></span> <span class='ocrx_word' id='word_1_228' title='bbox 1880 2512 2000 2577; x_wconf 85' lang='lat' dir='ltr'><strong>quia</strong></span> <span class='ocrx_word' id='word_1_229' title='bbox 2036 2522 2181 2578; x_wconf 75' lang='lat' dir='ltr'><strong>post~</strong></span> 
     </span>
    </p>
   </div>
   <div class='ocr_carea' id='block_1_35' title="bbox 607 2580 2180 2651">
    <p class='ocr_par' dir='ltr' id='par_1_35' title="bbox 607 2580 2180 2651">
     <span class='ocr_line' id='line_1_35' title="bbox 607 2580 2180 2651; baseline -0.001 -16"><span class='ocrx_word' id='word_1_230' title='bbox 607 2597 769 2651; x_wconf 86' lang='lat' dir='ltr'><strong>quam</strong></span> <span class='ocrx_word' id='word_1_231' title='bbox 820 2580 1046 2650; x_wconf 88' lang='lat' dir='ltr'><strong>populus</strong></span> <span class='ocrx_word' id='word_1_232' title='bbox 1093 2582 1471 2651; x_wconf 71' lang='lat' dir='ltr'><strong>communicat,</strong></span> <span class='ocrx_word' id='word_1_233' title='bbox 1525 2581 1641 2634; x_wconf 82' lang='lat' dir='ltr'><strong>haec</strong></span> <span class='ocrx_word' id='word_1_234' title='bbox 1688 2584 1965 2650; x_wconf 87' lang='lat' dir='ltr'><strong>sequitur;</strong></span> <span class='ocrx_word' id='word_1_235' title='bbox 2019 2596 2180 2649; x_wconf 83' lang='lat' dir='ltr'><strong>super</strong></span> 
     </span>
    </p>
   </div>
   <div class='ocr_carea' id='block_1_36' title="bbox 607 2649 2179 2721">
    <p class='ocr_par' dir='ltr' id='par_1_36' title="bbox 607 2649 2179 2721">
     <span class='ocr_line' id='line_1_36' title="bbox 607 2649 2179 2721; baseline 0.001 -18"><span class='ocrx_word' id='word_1_236' title='bbox 607 2649 863 2721; x_wconf 79' lang='lat' dir='ltr'><strong>populum</strong></span> <span class='ocrx_word' id='word_1_237' title='bbox 893 2664 1040 2714; x_wconf 66' lang='lat' dir='ltr'><strong>vero,</strong></span> <span class='ocrx_word' id='word_1_238' title='bbox 1071 2650 1192 2718; x_wconf 88' lang='lat' dir='ltr'><strong>quia</strong></span> <span class='ocrx_word' id='word_1_239' title='bbox 1218 2658 1341 2721; x_wconf 80' lang='lat' dir='ltr'><strong>tunc</strong></span> <span class='ocrx_word' id='word_1_240' title='bbox 1371 2649 1539 2721; x_wconf 85' lang='lat' dir='ltr'><strong>bened</strong></span> <span class='ocrx_word' id='word_1_241' title='bbox 1564 2651 1703 2704; x_wconf 92' lang='lat' dir='ltr'><strong>citur</strong></span> <span class='ocrx_word' id='word_1_242' title='bbox 1728 2649 1971 2718; x_wconf 80' lang='lat' dir='ltr'><strong>papulas,</strong></span> <span class='ocrx_word' id='word_1_243' title='bbox 2005 2661 2060 2703; x_wconf 91' lang='lat' dir='ltr'><strong>ut</strong></span> <span class='ocrx_word' id='word_1_244' title='bbox 2082 2667 2179 2704; x_wconf 89' lang='lat' dir='ltr'><strong>no-</strong></span> 
     </span>
    </p>
   </div>
   <div class='ocr_carea' id='block_1_37' title="bbox 607 2720 2180 2789">
    <p class='ocr_par' dir='ltr' id='par_1_37' title="bbox 607 2720 2180 2789">
     <span class='ocr_line' id='line_1_37' title="bbox 607 2720 2180 2789; baseline -0.001 -13"><span class='ocrx_word' id='word_1_245' title='bbox 607 2734 722 2776; x_wconf 84' lang='lat' dir='ltr'><strong>8tr0</strong></span> <span class='ocrx_word' id='word_1_246' title='bbox 749 2727 933 2774; x_wconf 83' lang='lat' dir='ltr'><strong>sancto</strong></span> <span class='ocrx_word' id='word_1_247' title='bbox 955 2722 1275 2772; x_wconf 77' lang='lat' dir='ltr'><strong>conveniant</strong></span> <span class='ocrx_word' id='word_1_248' title='bbox 1300 2720 1613 2789; x_wconf 51' lang='lat' dir='ltr'><strong>Etangs-lio.</strong></span> <span class='ocrx_word' id='word_1_249' title='bbox 1642 2721 1766 2774; x_wconf 78' lang='lat' dir='ltr'><strong>l’ost</strong></span> <span class='ocrx_word' id='word_1_250' title='bbox 1793 2722 2101 2775; x_wconf 82' lang='lat' dir='ltr'><strong>Orationem</strong></span> <span class='ocrx_word' id='word_1_251' title='bbox 2125 2729 2180 2775; x_wconf 80' lang='lat' dir='ltr'><strong>et</strong></span> 
     </span>
    </p>
   </div>
   <div class='ocr_carea' id='block_1_38' title="bbox 607 2790 2175 2859">
    <p class='ocr_par' dir='ltr' id='par_1_38' title="bbox 607 2790 2175 2859">
     <span class='ocr_line' id='line_1_38' title="bbox 607 2790 2175 2859; baseline -0.001 -13"><span class='ocrx_word' id='word_1_252' title='bbox 607 2790 1145 2846; x_wconf 86' lang='lat' dir='ltr'><strong>communicationem</strong></span> <span class='ocrx_word' id='word_1_253' title='bbox 1210 2790 1518 2843; x_wconf 84' lang='lat' dir='ltr'><strong>Benedictio</strong></span> <span class='ocrx_word' id='word_1_254' title='bbox 1591 2792 1868 2859; x_wconf 84' lang='lat' dir='ltr'><strong>sequitur,</strong></span> <span class='ocrx_word' id='word_1_255' title='bbox 1925 2792 2175 2857; x_wconf 90' lang='lat' dir='ltr'><strong>quoniam</strong></span> 
     </span>
    </p>
   </div>
   <div class='ocr_carea' id='block_1_39' title="bbox 610 2859 2175 2930">
    <p class='ocr_par' dir='ltr' id='par_1_39' title="bbox 610 2859 2175 2930">
     <span class='ocr_line' id='line_1_39' title="bbox 610 2859 2175 2930; baseline 0.001 -19"><span class='ocrx_word' id='word_1_256' title='bbox 610 2870 896 2930; x_wconf 67' lang='lat' dir='ltr'><strong>postquam</strong></span> <span class='ocrx_word' id='word_1_257' title='bbox 925 2859 1166 2930; x_wconf 64' lang='lat' dir='ltr'><strong>Christus</strong></span> <span class='ocrx_word' id='word_1_258' title='bbox 1210 2859 1261 2913; x_wconf 91' lang='lat' dir='ltr'><strong>in</strong></span> <span class='ocrx_word' id='word_1_259' title='bbox 1309 2874 1467 2930; x_wconf 79' lang='lat' dir='ltr'><strong>cruce</strong></span> <span class='ocrx_word' id='word_1_260' title='bbox 1497 2861 1687 2925; x_wconf 89' lang='lat' dir='ltr'><strong>oravit,</strong></span> <span class='ocrx_word' id='word_1_261' title='bbox 1718 2869 1772 2915; x_wconf 92' lang='lat' dir='ltr'><strong>et</strong></span> <span class='ocrx_word' id='word_1_262' title='bbox 1799 2874 1979 2914; x_wconf 81' lang='lat' dir='ltr'><strong>curam</strong></span> <span class='ocrx_word' id='word_1_263' title='bbox 2009 2860 2175 2914; x_wconf 84' lang='lat' dir='ltr'><strong>disci-</strong></span> 
     </span>
    </p>
   </div>
   <div class='ocr_carea' id='block_1_40' title="bbox 605 2928 2178 2997">
    <p class='ocr_par' dir='ltr' id='par_1_40' title="bbox 605 2928 2178 2997">
     <span class='ocr_line' id='line_1_40' title="bbox 605 2928 2178 2997; baseline 0 -14"><span class='ocrx_word' id='word_1_264' title='bbox 605 2928 1141 2995; x_wconf 43' lang='lat' dir='ltr'><strong>pulis&#39;nianducavit,</strong></span> <span class='ocrx_word' id='word_1_265' title='bbox 1174 2937 1228 2982; x_wconf 90' lang='lat' dir='ltr'><strong>et</strong></span> <span class='ocrx_word' id='word_1_266' title='bbox 1259 2928 1508 2997; x_wconf 88' lang='lat' dir='ltr'><strong>reliquias</strong></span> <span class='ocrx_word' id='word_1_267' title='bbox 1555 2931 1633 2982; x_wconf 91' lang='lat' dir='ltr'><strong>eis</strong></span> <span class='ocrx_word' id='word_1_268' title='bbox 1674 2930 1839 2995; x_wconf 88' lang='lat' dir='ltr'><strong>dedit,</strong></span> <span class='ocrx_word' id='word_1_269' title='bbox 1878 2937 1933 2983; x_wconf 90' lang='lat' dir='ltr'><strong>et</strong></span> <span class='ocrx_word' id='word_1_270' title='bbox 1961 2930 2178 2983; x_wconf 86' lang='lat' dir='ltr'><strong>elevatis</strong></span> 
     </span>
    </p>
   </div>
   <div class='ocr_carea' id='block_1_41' title="bbox 607 2998 2179 3053">
    <p class='ocr_par' dir='ltr' id='par_1_41' title="bbox 607 2998 2179 3053">
     <span class='ocr_line' id='line_1_41' title="bbox 607 2998 2179 3053; baseline 0 -1"><span class='ocrx_word' id='word_1_271' title='bbox 607 3000 852 3052; x_wconf 89' lang='lat' dir='ltr'><strong>manibus</strong></span> <span class='ocrx_word' id='word_1_272' title='bbox 880 3004 989 3052; x_wconf 74' lang='lat' dir='ltr'><strong>suis</strong></span> <span class='ocrx_word' id='word_1_273' title='bbox 1020 2998 1289 3051; x_wconf 77' lang='lat' dir='ltr'><strong>benedixit</strong></span> <span class='ocrx_word' id='word_1_274' title='bbox 1317 3012 1410 3051; x_wconf 87' lang='lat' dir='ltr'><strong>eos</strong></span> <span class='ocrx_word' id='word_1_275' title='bbox 1443 3016 1453 3048; x_wconf 89' lang='lat'><strong>:</strong></span> <span class='ocrx_word' id='word_1_276' title='bbox 1507 3000 1569 3051; x_wconf 83' lang='lat' dir='ltr'><strong>Et</strong></span> <span class='ocrx_word' id='word_1_277' title='bbox 1600 3000 1789 3052; x_wconf 83' lang='lat' dir='ltr'><strong>factum</strong></span> <span class='ocrx_word' id='word_1_278' title='bbox 1822 3008 1906 3053; x_wconf 91' lang='lat' dir='ltr'><strong>est</strong></span> <span class='ocrx_word' id='word_1_279' title='bbox 1933 3014 2051 3053; x_wconf 90' lang='lat' dir='ltr'><strong>cum</strong></span> <span class='ocrx_word' id='word_1_280' title='bbox 2082 3000 2179 3052; x_wconf 81' lang='lat' dir='ltr'><strong>be-</strong></span> 
     </span>
    </p>
   </div>
   <div class='ocr_carea' id='block_1_42' title="bbox 606 3066 2177 3131">
    <p class='ocr_par' dir='ltr' id='par_1_42' title="bbox 606 3066 2177 3131">
     <span class='ocr_line' id='line_1_42' title="bbox 606 3066 2177 3131; baseline 0.002 -12"><span class='ocrx_word' id='word_1_281' title='bbox 606 3069 880 3121; x_wconf 78' lang='lat' dir='ltr'><strong>nediceret</strong></span> <span class='ocrx_word' id='word_1_282' title='bbox 927 3081 1039 3131; x_wconf 87' lang='lat' dir='ltr'><strong>eos,</strong></span> <span class='ocrx_word' id='word_1_283' title='bbox 1090 3069 1313 3120; x_wconf 80' lang='lat' dir='ltr'><strong>recessit</strong></span> <span class='ocrx_word' id='word_1_284' title='bbox 1358 3066 1424 3119; x_wconf 89' lang='lat' dir='ltr'><strong>ab</strong></span> <span class='ocrx_word' id='word_1_285' title='bbox 1454 3069 1578 3130; x_wconf 87' lang='lat' dir='ltr'><strong>illis,</strong></span> <span class='ocrx_word' id='word_1_286' title='bbox 1610 3078 1662 3120; x_wconf 91' lang='lat' dir='ltr'><strong>ct</strong></span> <span class='ocrx_word' id='word_1_287' title='bbox 1699 3070 1967 3122; x_wconf 80' lang='lat' dir='ltr'><strong>ferebatur</strong></span> <span class='ocrx_word' id='word_1_288' title='bbox 1994 3068 2045 3121; x_wconf 89' lang='lat' dir='ltr'><strong>in</strong></span> <span class='ocrx_word' id='word_1_289' title='bbox 2069 3083 2177 3123; x_wconf 69' lang='lat' dir='ltr'><strong>cae-</strong></span> 
     </span>
    </p>
   </div>
   <div class='ocr_carea' id='block_1_43' title="bbox 2340 502 3880 574">
    <p class='ocr_par' dir='ltr' id='par_1_43' title="bbox 2340 502 3880 574">
     <span class='ocr_line' id='line_1_43' title="bbox 2340 502 3880 574; baseline 0.005 -17"><span class='ocrx_word' id='word_1_290' title='bbox 2340 502 2425 557; x_wconf 87' lang='lat' dir='ltr'><strong>uid</strong></span> <span class='ocrx_word' id='word_1_291' title='bbox 2451 515 2534 559; x_wconf 91' lang='lat' dir='ltr'><strong>est</strong></span> <span class='ocrx_word' id='word_1_292' title='bbox 2579 519 2808 574; x_wconf 86' lang='lat' dir='ltr'><strong>namque</strong></span> <span class='ocrx_word' id='word_1_293' title='bbox 2839 504 2936 569; x_wconf 84' lang='lat' dir='ltr'><strong>Ite,</strong></span> <span class='ocrx_word' id='word_1_294' title='bbox 2972 504 3134 559; x_wconf 73' lang='lat' dir='ltr'><strong>Missa</strong></span> <span class='ocrx_word' id='word_1_295' title='bbox 3157 516 3257 569; x_wconf 88' lang='lat' dir='ltr'><strong>est,</strong></span> <span class='ocrx_word' id='word_1_296' title='bbox 3287 509 3456 563; x_wconf 83' lang='lat' dir='ltr'><strong>frater</strong></span> <span class='ocrx_word' id='word_1_297' title='bbox 3482 502 3607 564; x_wconf 71' lang='lat' dir='ltr'><strong>ini?</strong></span> <span class='ocrx_word' id='word_1_298' title='bbox 3639 502 3880 574; x_wconf 35' lang='lat' dir='ltr'><strong>nisiflre</strong></span> 
     </span>
    </p>
   </div>
   <div class='ocr_carea' id='block_1_44' title="bbox 2290 574 3880 648">
    <p class='ocr_par' dir='ltr' id='par_1_44' title="bbox 2290 574 3880 648">
     <span class='ocr_line' id='line_1_44' title="bbox 2290 574 3880 648; baseline 0.007 -23"><span class='ocrx_word' id='word_1_299' title='bbox 2290 588 2432 648; x_wconf 73' lang='lat' dir='ltr'><strong>cum</strong></span> <span class='ocrx_word' id='word_1_300' title='bbox 2466 588 2597 648; x_wconf 84' lang='lat' dir='ltr'><strong>pace</strong></span> <span class='ocrx_word' id='word_1_301' title='bbox 2627 574 2709 648; x_wconf 74' lang='lat' dir='ltr'><strong>_ad</strong></span> <span class='ocrx_word' id='word_1_302' title='bbox 2758 574 2948 648; x_wconf 75' lang='lat' dir='ltr'><strong>domos</strong></span> <span class='ocrx_word' id='word_1_303' title='bbox 2982 584 3206 630; x_wconf 86' lang='lat' dir='ltr'><strong>vestras.</strong></span> <span class='ocrx_word' id='word_1_304' title='bbox 3255 579 3445 647; x_wconf 70' lang='lat' dir='ltr'><strong>Legata</strong></span> <span class='ocrx_word' id='word_1_305' title='bbox 3492 589 3581 634; x_wconf 79' lang='lat' dir='ltr'><strong>est</strong></span> <span class='ocrx_word' id='word_1_306' title='bbox 3616 595 3722 648; x_wconf 88' lang='lat' dir='ltr'><strong>pro</strong></span> <span class='ocrx_word' id='word_1_307' title='bbox 3748 585 3880 639; x_wconf 75' lang='lat' dir='ltr'><strong>vobis</strong></span> 
     </span>
    </p>
   </div>
   <div class='ocr_carea' id='block_1_45' title="bbox 2286 641 3876 717">
    <p class='ocr_par' dir='ltr' id='par_1_45' title="bbox 2286 641 3876 717">
     <span class='ocr_line' id='line_1_45' title="bbox 2286 641 3876 717; baseline 0.006 -20"><span class='ocrx_word' id='word_1_308' title='bbox 2286 641 2480 698; x_wconf 85' lang='lat' dir='ltr'><strong>Oratio</strong></span> <span class='ocrx_word' id='word_1_309' title='bbox 2512 641 2930 717; x_wconf 27' lang='lat' dir='ltr'><strong>adHDiiminum,</strong></span> <span class='ocrx_word' id='word_1_310' title='bbox 2963 654 3017 701; x_wconf 91' lang='lat' dir='ltr'><strong>et</strong></span> <span class='ocrx_word' id='word_1_311' title='bbox 3047 660 3141 714; x_wconf 88' lang='lat' dir='ltr'><strong>per</strong></span> <span class='ocrx_word' id='word_1_312' title='bbox 3189 641 3425 717; x_wconf 70' lang='lat' dir='ltr'><strong>angelus,</strong></span> <span class='ocrx_word' id='word_1_313' title='bbox 3469 651 3563 716; x_wconf 89' lang='lat' dir='ltr'><strong>qui</strong></span> <span class='ocrx_word' id='word_1_314' title='bbox 3604 641 3876 707; x_wconf 74' lang='lat' dir='ltr'><strong>riuniiidi-</strong></span> 
     </span>
    </p>
   </div>
   <div class='ocr_carea' id='block_1_46' title="bbox 2288 714 3874 787">
    <p class='ocr_par' dir='ltr' id='par_1_46' title="bbox 2288 714 3874 787">
     <span class='ocr_line' id='line_1_46' title="bbox 2288 714 3874 787; baseline 0.009 -22"><span class='ocrx_word' id='word_1_315' title='bbox 2288 723 2501 787; x_wconf 71' lang='lat' dir='ltr'><strong>cuntur,</strong></span> <span class='ocrx_word' id='word_1_316' title='bbox 2554 714 2712 768; x_wconf 89' lang='lat' dir='ltr'><strong>allata</strong></span> <span class='ocrx_word' id='word_1_317' title='bbox 2744 721 2825 787; x_wconf 82' lang='lat' dir='ltr'><strong>est</strong></span> <span class='ocrx_word' id='word_1_318' title='bbox 2872 714 2926 787; x_wconf 71' lang='lat' dir='ltr'><strong>in</strong></span> <span class='ocrx_word' id='word_1_319' title='bbox 2974 714 3512 776; x_wconf 53' lang='lat' dir='ltr'><strong>conspectu&#39;divinai</strong></span> <span class='ocrx_word' id='word_1_320' title='bbox 3558 720 3874 787; x_wconf 75' lang='lat' dir='ltr'><strong>Maiestatis.</strong></span> 
     </span>
    </p>
   </div>
   <div class='ocr_carea' id='block_1_47' title="bbox 2287 781 3875 855">
    <p class='ocr_par' dir='ltr' id='par_1_47' title="bbox 2287 781 3875 855">
     <span class='ocr_line' id='line_1_47' title="bbox 2287 781 3875 855; baseline 0.007 -20"><span class='ocrx_word' id='word_1_321' title='bbox 2287 782 2519 855; x_wconf 72' lang='lat' dir='ltr'><strong>Populus</strong></span> <span class='ocrx_word' id='word_1_322' title='bbox 2546 784 2833 852; x_wconf 87' lang='lat' dir='ltr'><strong>respondet</strong></span> <span class='ocrx_word' id='word_1_323' title='bbox 2878 781 2987 855; x_wconf 85' lang='lat' dir='ltr'><strong>Deo</strong></span> <span class='ocrx_word' id='word_1_324' title='bbox 3016 788 3229 854; x_wconf 78' lang='lat' dir='ltr'><strong>gratias.</strong></span> <span class='ocrx_word' id='word_1_325' title='bbox 3267 787 3413 843; x_wconf 85' lang='lat' dir='ltr'><strong>Hanc</strong></span> <span class='ocrx_word' id='word_1_326' title='bbox 3463 781 3875 855; x_wconf 51' lang='lat' dir='ltr'><strong>reswi&#39;isionem</strong></span> 
     </span>
    </p>
   </div>
   <div class='ocr_carea' id='block_1_48' title="bbox 2285 852 3873 925">
    <p class='ocr_par' dir='ltr' id='par_1_48' title="bbox 2285 852 3873 925">
     <span class='ocr_line' id='line_1_48' title="bbox 2285 852 3873 925; baseline 0.005 -18"><span class='ocrx_word' id='word_1_327' title='bbox 2285 852 2619 925; x_wconf 75' lang='lat' dir='ltr'><strong>Augustinus</strong></span> <span class='ocrx_word' id='word_1_328' title='bbox 2645 862 2798 908; x_wconf 86' lang='lat' dir='ltr'><strong>vocat</strong></span> <span class='ocrx_word' id='word_1_329' title='bbox 2837 852 3128 922; x_wconf 77' lang='lat' dir='ltr'><strong>gratiarum</strong></span> <span class='ocrx_word' id='word_1_330' title='bbox 3159 857 3419 911; x_wconf 87' lang='lat' dir='ltr'><strong>actiones.</strong></span> <span class='ocrx_word' id='word_1_331' title='bbox 3473 852 3595 912; x_wconf 84' lang='lat' dir='ltr'><strong>lloc</strong></span> <span class='ocrx_word' id='word_1_332' title='bbox 3629 861 3751 925; x_wconf 81' lang='lat' dir='ltr'><strong>agit</strong></span> <span class='ocrx_word' id='word_1_333' title='bbox 3772 877 3873 915; x_wconf 76' lang='lat' dir='ltr'><strong>sai:-</strong></span> 
     </span>
    </p>
   </div>
   <div class='ocr_carea' id='block_1_49' title="bbox 2285 922 3873 992">
    <p class='ocr_par' dir='ltr' id='par_1_49' title="bbox 2285 922 3873 992">
     <span class='ocr_line' id='line_1_49' title="bbox 2285 922 3873 992; baseline 0.007 -18"><span class='ocrx_word' id='word_1_334' title='bbox 2285 931 2368 992; x_wconf 78' lang='lat' dir='ltr'><strong>cta</strong></span> <span class='ocrx_word' id='word_1_335' title='bbox 2417 922 2658 977; x_wconf 82' lang='lat' dir='ltr'><strong>Ecclesia</strong></span> <span class='ocrx_word' id='word_1_336' title='bbox 2704 937 2851 977; x_wconf 90' lang='lat' dir='ltr'><strong>more</strong></span> <span class='ocrx_word' id='word_1_337' title='bbox 2882 925 3199 991; x_wconf 87' lang='lat' dir='ltr'><strong>apostolico,</strong></span> <span class='ocrx_word' id='word_1_338' title='bbox 3237 928 3327 992; x_wconf 89' lang='lat' dir='ltr'><strong>qui</strong></span> <span class='ocrx_word' id='word_1_339' title='bbox 3377 936 3539 980; x_wconf 84' lang='lat' dir='ltr'><strong>erant</strong></span> <span class='ocrx_word' id='word_1_340' title='bbox 3584 922 3873 985; x_wconf 69' lang='lat' dir='ltr'><strong>adorantes</strong></span> 
     </span>
    </p>
   </div>
   <div class='ocr_carea' id='block_1_50' title="bbox 2285 990 3874 1065">
    <p class='ocr_par' dir='ltr' id='par_1_50' title="bbox 2285 990 3874 1065">
     <span class='ocr_line' id='line_1_50' title="bbox 2285 990 3874 1065; baseline 0.005 -20"><span class='ocrx_word' id='word_1_341' title='bbox 2285 990 2489 1054; x_wconf 80' lang='lat' dir='ltr'><strong>Jesum,</strong></span> <span class='ocrx_word' id='word_1_342' title='bbox 2523 1004 2579 1065; x_wconf 81' lang='lat' dir='ltr'><strong>et</strong></span> <span class='ocrx_word' id='word_1_343' title='bbox 2610 992 2844 1065; x_wconf 78' lang='lat' dir='ltr'><strong>regressi</strong></span> <span class='ocrx_word' id='word_1_344' title='bbox 2877 990 3003 1047; x_wconf 86' lang='lat' dir='ltr'><strong>sunt</strong></span> <span class='ocrx_word' id='word_1_345' title='bbox 3032 990 3326 1065; x_wconf 80' lang='lat' dir='ltr'><strong>Jerusalem</strong></span> <span class='ocrx_word' id='word_1_346' title='bbox 3379 1012 3505 1049; x_wconf 88' lang='lat' dir='ltr'><strong>cum</strong></span> <span class='ocrx_word' id='word_1_347' title='bbox 3538 999 3750 1065; x_wconf 87' lang='lat' dir='ltr'><strong>gaudio</strong></span> <span class='ocrx_word' id='word_1_348' title='bbox 3781 1018 3874 1054; x_wconf 80' lang='lat' dir='ltr'><strong>ms-</strong></span> 
     </span>
    </p>
   </div>
   <div class='ocr_carea' id='block_1_51' title="bbox 2284 1062 3870 1133">
    <p class='ocr_par' dir='ltr' id='par_1_51' title="bbox 2284 1062 3870 1133">
     <span class='ocr_line' id='line_1_51' title="bbox 2284 1062 3870 1133; baseline 0.007 -21"><span class='ocrx_word' id='word_1_349' title='bbox 2284 1075 2411 1130; x_wconf 87' lang='lat' dir='ltr'><strong>gno.</strong></span> <span class='ocrx_word' id='word_1_350' title='bbox 2445 1062 2581 1116; x_wconf 80' lang='lat' dir='ltr'><strong>Audi</strong></span> <span class='ocrx_word' id='word_1_351' title='bbox 2613 1062 2843 1130; x_wconf 89' lang='lat' dir='ltr'><strong>qualiter</strong></span> <span class='ocrx_word' id='word_1_352' title='bbox 2866 1063 3095 1130; x_wconf 65' lang='lat' dir='ltr'><strong>apostmi</strong></span> <span class='ocrx_word' id='word_1_353' title='bbox 3128 1064 3234 1119; x_wconf 87' lang='lat' dir='ltr'><strong>Deo</strong></span> <span class='ocrx_word' id='word_1_354' title='bbox 3266 1066 3467 1133; x_wconf 86' lang='lat' dir='ltr'><strong>gratias</strong></span> <span class='ocrx_word' id='word_1_355' title='bbox 3499 1062 3755 1121; x_wconf 79' lang='lat' dir='ltr'><strong>referant</strong></span> <span class='ocrx_word' id='word_1_356' title='bbox 3782 1087 3794 1121; x_wconf 89' lang='lat'>:</span> <span class='ocrx_word' id='word_1_357' title='bbox 3824 1072 3870 1123; x_wconf 82' lang='lat' dir='ltr'><strong>Et</strong></span> 
     </span>
    </p>
   </div>
   <div class='ocr_carea' id='block_1_52' title="bbox 2287 1133 3871 1201">
    <p class='ocr_par' dir='ltr' id='par_1_52' title="bbox 2287 1133 3871 1201">
     <span class='ocr_line' id='line_1_52' title="bbox 2287 1133 3871 1201; baseline 0.009 -21"><span class='ocrx_word' id='word_1_358' title='bbox 2287 1140 2441 1201; x_wconf 80' lang='lat' dir='ltr'><strong>erant</strong></span> <span class='ocrx_word' id='word_1_359' title='bbox 2469 1146 2681 1201; x_wconf 88' lang='lat' dir='ltr'><strong>semper</strong></span> <span class='ocrx_word' id='word_1_360' title='bbox 2728 1133 2782 1185; x_wconf 93' lang='lat' dir='ltr'><strong>in</strong></span> <span class='ocrx_word' id='word_1_361' title='bbox 2814 1134 3012 1199; x_wconf 87' lang='lat' dir='ltr'><strong>templo</strong></span> <span class='ocrx_word' id='word_1_362' title='bbox 3063 1133 3347 1189; x_wconf 84' lang='lat' dir='ltr'><strong>laudantes</strong></span> <span class='ocrx_word' id='word_1_363' title='bbox 3394 1146 3447 1189; x_wconf 87' lang='lat' dir='ltr'><strong>et</strong></span> <span class='ocrx_word' id='word_1_364' title='bbox 3498 1136 3871 1195; x_wconf 77' lang='lat' dir='ltr'><strong>beni-dieenles</strong></span> 
     </span>
    </p>
   </div>
   <div class='ocr_carea' id='block_1_53' title="bbox 2288 1200 3870 1322">
    <p class='ocr_par' dir='ltr' id='par_1_53' title="bbox 2288 1200 3870 1322">
     <span class='ocr_line' id='line_1_53' title="bbox 2288 1200 3870 1322; baseline 0.006 -69"><span class='ocrx_word' id='word_1_365' title='bbox 2288 1200 2475 1322; x_wconf 55' lang='lat' dir='ltr'><strong>Reum,</strong></span> <span class='ocrx_word' id='word_1_366' title='bbox 2535 1200 2624 1269; x_wconf 87' lang='lat' dir='ltr'><strong>qui</strong></span> <span class='ocrx_word' id='word_1_367' title='bbox 2680 1202 2804 1255; x_wconf 80' lang='lat' dir='ltr'><strong>vivit</strong></span> <span class='ocrx_word' id='word_1_368' title='bbox 2850 1210 2904 1257; x_wconf 91' lang='lat' dir='ltr'><strong>et</strong></span> <span class='ocrx_word' id='word_1_369' title='bbox 2950 1213 3137 1272; x_wconf 83' lang='lat' dir='ltr'><strong>reguat</strong></span> <span class='ocrx_word' id='word_1_370' title='bbox 3183 1204 3234 1259; x_wconf 93' lang='lat' dir='ltr'><strong>in</strong></span> <span class='ocrx_word' id='word_1_371' title='bbox 3285 1205 3483 1259; x_wconf 79' lang='lat' dir='ltr'><strong>szecula</strong></span> <span class='ocrx_word' id='word_1_372' title='bbox 3528 1208 3870 1262; x_wconf 72' lang='lat' dir='ltr'><strong>saeculorum.</strong></span> 
     </span>
     <span class='ocr_line' id='line_1_54' title="bbox 2340 1285 2481 1322; baseline -0.007 0"><span class='ocrx_word' id='word_1_373' title='bbox 2340 1285 2481 1322; x_wconf 90' lang='lat' dir='ltr'><strong>men.</strong></span> 
     </span>
    </p>
   </div>
   <div class='ocr_carea' id='block_1_54' title="bbox 2340 1285 2481 1325">
    <p class='ocr_par' dir='ltr' id='par_1_54' title="bbox 2340 1285 2481 1325">
     <span class='ocr_line' id='line_1_55' title="bbox 2340 1285 2481 1325; baseline -0.014 -2"><span class='ocrx_word' id='word_1_374' title='bbox 2340 1285 2481 1325; x_wconf 89' lang='lat' dir='ltr'><strong>men.</strong></span> 
     </span>
    </p>
   </div>
   <div class='ocr_carea' id='block_1_55' title="bbox 2290 1402 3874 1480">
    <p class='ocr_par' dir='ltr' id='par_1_55' title="bbox 2290 1402 3874 1480">
     <span class='ocr_line' id='line_1_56' title="bbox 2290 1402 3874 1480; baseline 0.004 -23"><span class='ocrx_word' id='word_1_375' title='bbox 2290 1403 2522 1471; x_wconf 80' lang='lat' dir='ltr'><strong>Qualiter</strong></span> <span class='ocrx_word' id='word_1_376' title='bbox 2573 1402 2804 1471; x_wconf 66' lang='lat' dir='ltr'><strong>quaedam</strong></span> <span class='ocrx_word' id='word_1_377' title='bbox 2859 1402 3128 1480; x_wconf 72' lang='lat' dir='ltr'><strong>Orationes</strong></span> <span class='ocrx_word' id='word_1_378' title='bbox 3181 1414 3229 1458; x_wconf 88' lang='lat' dir='ltr'><strong>et</strong></span> <span class='ocrx_word' id='word_1_379' title='bbox 3284 1422 3458 1461; x_wconf 82' lang='lat' dir='ltr'><strong>cruces</strong></span> <span class='ocrx_word' id='word_1_380' title='bbox 3509 1407 3567 1460; x_wconf 84' lang='lat' dir='ltr'><strong>in</strong></span> <span class='ocrx_word' id='word_1_381' title='bbox 3601 1408 3681 1462; x_wconf 85' lang='lat' dir='ltr'><strong>Te</strong></span> <span class='ocrx_word' id='word_1_382' title='bbox 3723 1410 3874 1480; x_wconf 71' lang='lat' dir='ltr'><strong>igitur</strong></span> 
     </span>
    </p>
   </div>
   <div class='ocr_carea' id='block_1_56' title="bbox 2896 1475 3283 1543">
    <p class='ocr_par' dir='ltr' id='par_1_56' title="bbox 2896 1475 3283 1543">
     <span class='ocr_line' id='line_1_57' title="bbox 2896 1475 3283 1543; baseline 0.005 -19"><span class='ocrx_word' id='word_1_383' title='bbox 2896 1475 3108 1543; x_wconf 66' lang='lat' dir='ltr'><strong>agendae</strong></span> <span class='ocrx_word' id='word_1_384' title='bbox 3146 1482 3283 1532; x_wconf 85' lang='lat' dir='ltr'><strong>sunt.</strong></span> 
     </span>
    </p>
   </div>
   <div class='ocr_carea' id='block_1_57' title="bbox 2359 1601 3868 1671">
    <p class='ocr_par' dir='ltr' id='par_1_57' title="bbox 2359 1601 3868 1671">
     <span class='ocr_line' id='line_1_58' title="bbox 2359 1601 3868 1671; baseline 0.006 -17"><span class='ocrx_word' id='word_1_385' title='bbox 2359 1602 2431 1655; x_wconf 85' lang='lat' dir='ltr'><strong>Te</strong></span> <span class='ocrx_word' id='word_1_386' title='bbox 2468 1603 2645 1670; x_wconf 81' lang='lat' dir='ltr'><strong>igitur,</strong></span> <span class='ocrx_word' id='word_1_387' title='bbox 2677 1602 2936 1656; x_wconf 79' lang='lat' dir='ltr'><strong>clement&#39;s</strong></span> <span class='ocrx_word' id='word_1_388' title='bbox 2965 1604 3063 1654; x_wconf 85' lang='lat' dir='ltr'><strong>inte</strong></span> <span class='ocrx_word' id='word_1_389' title='bbox 3098 1601 3266 1665; x_wconf 87' lang='lat' dir='ltr'><strong>Pater,</strong></span> <span class='ocrx_word' id='word_1_390' title='bbox 3296 1621 3386 1671; x_wconf 78' lang='lat' dir='ltr'><strong>per</strong></span> <span class='ocrx_word' id='word_1_391' title='bbox 3410 1604 3595 1659; x_wconf 69' lang='lat' dir='ltr'><strong>Iesum</strong></span> <span class='ocrx_word' id='word_1_392' title='bbox 3624 1607 3868 1663; x_wconf 70' lang='lat' dir='ltr'><strong>Christum</strong></span> 
     </span>
    </p>
   </div>
   <div class='ocr_carea' id='block_1_58' title="bbox 2294 1670 3867 1745">
    <p class='ocr_par' dir='ltr' id='par_1_58' title="bbox 2294 1670 3867 1745">
     <span class='ocr_line' id='line_1_59' title="bbox 2294 1670 3867 1745; baseline 0.006 -21"><span class='ocrx_word' id='word_1_393' title='bbox 2294 1670 2493 1725; x_wconf 82' lang='lat' dir='ltr'><strong>Filium</strong></span> <span class='ocrx_word' id='word_1_394' title='bbox 2525 1683 2665 1745; x_wconf 86' lang='lat' dir='ltr'><strong>tuum</strong></span> <span class='ocrx_word' id='word_1_395' title='bbox 2694 1674 2971 1745; x_wconf 73' lang='lat' dir='ltr'><strong>dominum</strong></span> <span class='ocrx_word' id='word_1_396' title='bbox 3002 1682 3232 1745; x_wconf 76' lang='lat' dir='ltr'><strong>nostrum</strong></span> <span class='ocrx_word' id='word_1_397' title='bbox 3260 1670 3519 1745; x_wconf 71' lang='lat' dir='ltr'><strong>supplices</strong></span> <span class='ocrx_word' id='word_1_398' title='bbox 3553 1695 3795 1745; x_wconf 72' lang='lat' dir='ltr'><strong>rogamus</strong></span> <span class='ocrx_word' id='word_1_399' title='bbox 3821 1699 3867 1733; x_wconf 75' lang='lat' dir='ltr'><strong>at</strong></span> 
     </span>
    </p>
   </div>
   <div class='ocr_carea' id='block_1_59' title="bbox 2291 1741 3867 1815">
    <p class='ocr_par' dir='ltr' id='par_1_59' title="bbox 2291 1741 3867 1815">
     <span class='ocr_line' id='line_1_60' title="bbox 2291 1741 3867 1815; baseline 0.005 -22"><span class='ocrx_word' id='word_1_400' title='bbox 2291 1744 2526 1815; x_wconf 82' lang='lat' dir='ltr'><strong>petimus,</strong></span> <span class='ocrx_word' id='word_1_401' title='bbox 2577 1743 2651 1794; x_wconf 86' lang='lat' dir='ltr'><strong>uti</strong></span> <span class='ocrx_word' id='word_1_402' title='bbox 2695 1746 2905 1815; x_wconf 80' lang='lat' dir='ltr'><strong>accepta</strong></span> <span class='ocrx_word' id='word_1_403' title='bbox 2951 1741 3137 1815; x_wconf 82' lang='lat' dir='ltr'><strong>habeas</strong></span> <span class='ocrx_word' id='word_1_404' title='bbox 3166 1753 3211 1815; x_wconf 79' lang='lat' dir='ltr'><strong>et</strong></span> <span class='ocrx_word' id='word_1_405' title='bbox 3252 1741 3545 1815; x_wconf 79' lang='lat' dir='ltr'><strong>benedicas.</strong></span> <span class='ocrx_word' id='word_1_406' title='bbox 3578 1741 3677 1800; x_wconf 68' lang='lat' dir='ltr'><strong>llic</strong></span> <span class='ocrx_word' id='word_1_407' title='bbox 3706 1750 3867 1815; x_wconf 77' lang='lat' dir='ltr'><strong>signa:</strong></span> 
     </span>
    </p>
   </div>
   <div class='ocr_carea' id='block_1_60' title="bbox 2288 1812 3866 1878">
    <p class='ocr_par' dir='ltr' id='par_1_60' title="bbox 2288 1812 3866 1878">
     <span class='ocr_line' id='line_1_61' title="bbox 2288 1812 3866 1878; baseline 0.003 -13"><span class='ocrx_word' id='word_1_408' title='bbox 2288 1813 2612 1865; x_wconf 85' lang='lat' dir='ltr'><strong>oblationem</strong></span> <span class='ocrx_word' id='word_1_409' title='bbox 2644 1819 2699 1864; x_wconf 90' lang='lat' dir='ltr'><strong>et</strong></span> <span class='ocrx_word' id='word_1_410' title='bbox 2723 1812 2943 1865; x_wconf 86' lang='lat' dir='ltr'><strong>calicem</strong></span> <span class='ocrx_word' id='word_1_411' title='bbox 2971 1813 3137 1864; x_wconf 86' lang='lat' dir='ltr'><strong>tribus</strong></span> <span class='ocrx_word' id='word_1_412' title='bbox 3166 1812 3387 1878; x_wconf 77' lang='lat' dir='ltr'><strong>vicibus;</strong></span> <span class='ocrx_word' id='word_1_413' title='bbox 3425 1830 3532 1867; x_wconf 93' lang='lat' dir='ltr'><strong>non</strong></span> <span class='ocrx_word' id='word_1_414' title='bbox 3563 1825 3744 1869; x_wconf 84' lang='lat' dir='ltr'><strong>tamen</strong></span> <span class='ocrx_word' id='word_1_415' title='bbox 3758 1812 3866 1871; x_wconf 46' lang='lat' dir='ltr'><strong>&#39;suit</strong></span> 
     </span>
    </p>
   </div>
   <div class='ocr_carea' id='block_1_61' title="bbox 2287 1880 3868 1953">
    <p class='ocr_par' dir='ltr' id='par_1_61' title="bbox 2287 1880 3868 1953">
     <span class='ocr_line' id='line_1_62' title="bbox 2287 1880 3868 1953; baseline 0.005 -20"><span class='ocrx_word' id='word_1_416' title='bbox 2287 1896 2387 1934; x_wconf 89' lang='lat' dir='ltr'><strong>una</strong></span> <span class='ocrx_word' id='word_1_417' title='bbox 2437 1896 2617 1953; x_wconf 68' lang='lat' dir='ltr'><strong>cruce,</strong></span> <span class='ocrx_word' id='word_1_418' title='bbox 2650 1880 2743 1953; x_wconf 88' lang='lat' dir='ltr'><strong>sed</strong></span> <span class='ocrx_word' id='word_1_419' title='bbox 2794 1881 3080 1953; x_wconf 81' lang='lat' dir='ltr'><strong>separatim</strong></span> <span class='ocrx_word' id='word_1_420' title='bbox 3124 1880 3348 1953; x_wconf 83' lang='lat' dir='ltr'><strong>singulis</strong></span> <span class='ocrx_word' id='word_1_421' title='bbox 3397 1885 3641 1953; x_wconf 83' lang='lat' dir='ltr'><strong>singulas</strong></span> <span class='ocrx_word' id='word_1_422' title='bbox 3678 1888 3868 1941; x_wconf 63' lang='lat' dir='ltr'><strong>facietis</strong></span> 
     </span>
    </p>
   </div>
   <div class='ocr_carea' id='block_1_62' title="bbox 2285 1950 3865 2023">
    <p class='ocr_par' dir='ltr' id='par_1_62' title="bbox 2285 1950 3865 2023">
     <span class='ocr_line' id='line_1_63' title="bbox 2285 1950 3865 2023; baseline 0.003 -19"><span class='ocrx_word' id='word_1_423' title='bbox 2285 1964 2506 2023; x_wconf 30' lang='grc' dir='ltr'><strong>οιυεςεῖ</strong></span> <span class='ocrx_word' id='word_1_424' title='bbox 2542 1950 2739 2023; x_wconf 61' lang='lat' dir='ltr'><strong>Haec-j-</strong></span> <span class='ocrx_word' id='word_1_425' title='bbox 2769 1950 2927 2023; x_wconf 62' lang='grc' dir='ltr'><em>ἄωρα,</em></span> <span class='ocrx_word' id='word_1_426' title='bbox 2973 1950 3149 2023; x_wconf 66' lang='lat' dir='ltr'><strong>luce-j-</strong></span> <span class='ocrx_word' id='word_1_427' title='bbox 3180 1950 3418 2011; x_wconf 75' lang='lat' dir='ltr'><strong>niimera.</strong></span> <span class='ocrx_word' id='word_1_428' title='bbox 3452 1950 3565 2007; x_wconf 64' lang='lat' dir='ltr'><strong>alea</strong></span> <span class='ocrx_word' id='word_1_429' title='bbox 3613 1956 3657 2023; x_wconf 58' lang='grc' dir='ltr'><strong>-ιη</strong></span> <span class='ocrx_word' id='word_1_430' title='bbox 3699 1970 3865 2009; x_wconf 74' lang='lat' dir='ltr'><strong>sancta</strong></span> 
     </span>
    </p>
   </div>
   <div class='ocr_carea' id='block_1_63' title="bbox 2284 2020 3864 2093">
    <p class='ocr_par' dir='ltr' id='par_1_63' title="bbox 2284 2020 3864 2093">
     <span class='ocr_line' id='line_1_64' title="bbox 2284 2020 3864 2093; baseline 0.005 -22"><span class='ocrx_word' id='word_1_431' title='bbox 2284 2020 2542 2093; x_wconf 72' lang='lat' dir='ltr'><strong>sacrificia</strong></span> <span class='ocrx_word' id='word_1_432' title='bbox 2586 2020 2808 2073; x_wconf 81' lang='lat' dir='ltr'><strong>illibata.</strong></span> <span class='ocrx_word' id='word_1_433' title='bbox 2844 2020 2909 2072; x_wconf 82' lang='lat' dir='ltr'><strong>In</strong></span> <span class='ocrx_word' id='word_1_434' title='bbox 2958 2020 3135 2093; x_wconf 65' lang='lat' dir='ltr'><strong>primis</strong></span> <span class='ocrx_word' id='word_1_435' title='bbox 3182 2037 3295 2089; x_wconf 72' lang='lat' dir='ltr'><strong>quc</strong></span> <span class='ocrx_word' id='word_1_436' title='bbox 3340 2024 3429 2075; x_wconf 83' lang='lat' dir='ltr'><strong>tibi</strong></span> <span class='ocrx_word' id='word_1_437' title='bbox 3474 2020 3745 2090; x_wconf 68' lang='lat' dir='ltr'><strong>offerimus</strong></span> <span class='ocrx_word' id='word_1_438' title='bbox 3785 2042 3864 2093; x_wconf 76' lang='lat' dir='ltr'><strong>pro</strong></span> 
     </span>
    </p>
   </div>
   <div class='ocr_carea' id='block_1_64' title="bbox 2286 2089 3867 2160">
    <p class='ocr_par' dir='ltr' id='par_1_64' title="bbox 2286 2089 3867 2160">
     <span class='ocr_line' id='line_1_65' title="bbox 2286 2089 3867 2160; baseline 0.003 -18"><span class='ocrx_word' id='word_1_439' title='bbox 2286 2089 2519 2160; x_wconf 76' lang='lat' dir='ltr'><strong>Ecclesia</strong></span> <span class='ocrx_word' id='word_1_440' title='bbox 2549 2099 2634 2142; x_wconf 85' lang='lat' dir='ltr'><strong>tua</strong></span> <span class='ocrx_word' id='word_1_441' title='bbox 2664 2098 2842 2142; x_wconf 84' lang='lat' dir='ltr'><strong>sancta</strong></span> <span class='ocrx_word' id='word_1_442' title='bbox 2871 2089 3141 2152; x_wconf 81' lang='lat' dir='ltr'><strong>catholica,</strong></span> <span class='ocrx_word' id='word_1_443' title='bbox 3191 2107 3340 2156; x_wconf 82' lang='lat' dir='ltr'><strong>quam</strong></span> <span class='ocrx_word' id='word_1_444' title='bbox 3370 2094 3651 2160; x_wconf 78' lang='lat' dir='ltr'><strong>paii/‘icare</strong></span> <span class='ocrx_word' id='word_1_445' title='bbox 3670 2137 3686 2157; x_wconf 92' lang='lat'><strong>,</strong></span> <span class='ocrx_word' id='word_1_446' title='bbox 3714 2089 3867 2147; x_wconf 74' lang='lat' dir='ltr'><strong>casta-</strong></span> 
     </span>
    </p>
   </div>
   <div class='ocr_carea' id='block_1_65' title="bbox 2285 2159 3864 2229">
    <p class='ocr_par' dir='ltr' id='par_1_65' title="bbox 2285 2159 3864 2229">
     <span class='ocr_line' id='line_1_66' title="bbox 2285 2159 3864 2229; baseline 0.002 -18"><span class='ocrx_word' id='word_1_447' title='bbox 2285 2159 2413 2222; x_wconf 87' lang='lat' dir='ltr'><strong>dire,</strong></span> <span class='ocrx_word' id='word_1_448' title='bbox 2446 2159 2722 2229; x_wconf 69' lang='lat' dir='ltr'><strong>adunare,</strong></span> <span class='ocrx_word' id='word_1_449' title='bbox 2756 2168 2800 2212; x_wconf 86' lang='lat' dir='ltr'><strong>et</strong></span> <span class='ocrx_word' id='word_1_450' title='bbox 2827 2174 3001 2228; x_wconf 81' lang='lat' dir='ltr'><strong>regere</strong></span> <span class='ocrx_word' id='word_1_451' title='bbox 3044 2160 3269 2229; x_wconf 79' lang='lat' dir='ltr'><strong>digneris</strong></span> <span class='ocrx_word' id='word_1_452' title='bbox 3302 2159 3407 2213; x_wconf 84' lang='lat' dir='ltr'><strong>toto</strong></span> <span class='ocrx_word' id='word_1_453' title='bbox 3438 2159 3558 2215; x_wconf 61' lang='lat' dir='ltr'><strong>urbe</strong></span> <span class='ocrx_word' id='word_1_454' title='bbox 3601 2174 3864 2229; x_wconf 68' lang='lat' dir='ltr'><strong>terrarum,</strong></span> 
     </span>
    </p>
   </div>
   <div class='ocr_carea' id='block_1_66' title="bbox 2284 2228 3863 2298">
    <p class='ocr_par' dir='ltr' id='par_1_66' title="bbox 2284 2228 3863 2298">
     <span class='ocr_line' id='line_1_67' title="bbox 2284 2228 3863 2298; baseline 0.003 -18"><span class='ocrx_word' id='word_1_455' title='bbox 2284 2245 2389 2281; x_wconf 86' lang='lat' dir='ltr'><strong>una</strong></span> <span class='ocrx_word' id='word_1_456' title='bbox 2417 2243 2534 2281; x_wconf 83' lang='lat' dir='ltr'><strong>eum</strong></span> <span class='ocrx_word' id='word_1_457' title='bbox 2563 2228 2758 2295; x_wconf 78' lang='lat' dir='ltr'><strong>[amulo</strong></span> <span class='ocrx_word' id='word_1_458' title='bbox 2803 2236 2891 2279; x_wconf 87' lang='lat' dir='ltr'><strong>tuo</strong></span> <span class='ocrx_word' id='word_1_459' title='bbox 2919 2245 3053 2298; x_wconf 83' lang='lat' dir='ltr'><strong>papa</strong></span> <span class='ocrx_word' id='word_1_460' title='bbox 3104 2237 3277 2283; x_wconf 82' lang='lat' dir='ltr'><strong>nostra</strong></span> <span class='ocrx_word' id='word_1_461' title='bbox 3310 2231 3387 2282; x_wconf 86' lang='lat' dir='ltr'><strong>ill.</strong></span> <span class='ocrx_word' id='word_1_462' title='bbox 3435 2231 3721 2295; x_wconf 71' lang='lat' dir='ltr'><strong>Memento,</strong></span> <span class='ocrx_word' id='word_1_463' title='bbox 3773 2234 3863 2285; x_wconf 78' lang='lat'><strong>[)0-</strong></span> 
     </span>
    </p>
   </div>
   <div class='ocr_carea' id='block_1_67' title="bbox 2284 2298 3860 2373">
    <p class='ocr_par' dir='ltr' id='par_1_67' title="bbox 2284 2298 3860 2373">
     <span class='ocr_line' id='line_1_68' title="bbox 2284 2298 3860 2373; baseline 0.004 -24"><span class='ocrx_word' id='word_1_464' title='bbox 2284 2300 2441 2373; x_wconf 86' lang='lat' dir='ltr'><strong>mine_,</strong></span> <span class='ocrx_word' id='word_1_465' title='bbox 2495 2298 2805 2373; x_wconf 76' lang='lat' dir='ltr'><strong>famulorum</strong></span> <span class='ocrx_word' id='word_1_466' title='bbox 2855 2298 3535 2373; x_wconf 46' lang='lat' dir='ltr'><strong>famularumquetuarum.</strong></span> <span class='ocrx_word' id='word_1_467' title='bbox 3574 2304 3737 2373; x_wconf 71' lang='lat'><strong>560</strong></span> <span class='ocrx_word' id='word_1_468' title='bbox 3781 2305 3860 2356; x_wconf 80' lang='lat' dir='ltr'><strong>llic</strong></span> 
     </span>
    </p>
   </div>
   <div class='ocr_carea' id='block_1_68' title="bbox 2288 2368 3860 2434">
    <p class='ocr_par' dir='ltr' id='par_1_68' title="bbox 2288 2368 3860 2434">
     <span class='ocr_line' id='line_1_69' title="bbox 2288 2368 3860 2434; baseline 0.003 -14"><span class='ocrx_word' id='word_1_469' title='bbox 2288 2369 2504 2422; x_wconf 86' lang='lat' dir='ltr'><strong>nomina</strong></span> <span class='ocrx_word' id='word_1_470' title='bbox 2549 2371 2790 2420; x_wconf 86' lang='lat' dir='ltr'><strong>vivorum</strong></span> <span class='ocrx_word' id='word_1_471' title='bbox 2846 2369 3188 2422; x_wconf 90' lang='lat' dir='ltr'><strong>nominentur</strong></span> <span class='ocrx_word' id='word_1_472' title='bbox 3235 2368 3279 2422; x_wconf 91' lang='lat' dir='ltr'><strong>si</strong></span> <span class='ocrx_word' id='word_1_473' title='bbox 3331 2368 3719 2434; x_wconf 51' lang='lat' dir='ltr'><strong>voluerisfsei]</strong></span> <span class='ocrx_word' id='word_1_474' title='bbox 3770 2388 3860 2425; x_wconf 81' lang='lat' dir='ltr'><strong>non</strong></span> 
     </span>
    </p>
   </div>
   <div class='ocr_carea' id='block_1_69' title="bbox 2287 2436 3860 2501">
    <p class='ocr_par' dir='ltr' id='par_1_69' title="bbox 2287 2436 3860 2501">
     <span class='ocr_line' id='line_1_70' title="bbox 2287 2436 3860 2501; baseline 0.001 -11"><span class='ocrx_word' id='word_1_475' title='bbox 2287 2439 2562 2492; x_wconf 87' lang='lat' dir='ltr'><strong>Dominica</strong></span> <span class='ocrx_word' id='word_1_476' title='bbox 2610 2439 2716 2501; x_wconf 89' lang='lat' dir='ltr'><strong>die,</strong></span> <span class='ocrx_word' id='word_1_477' title='bbox 2748 2436 2849 2489; x_wconf 90' lang='lat' dir='ltr'><strong>nisi</strong></span> <span class='ocrx_word' id='word_1_478' title='bbox 2879 2439 3040 2491; x_wconf 87' lang='lat' dir='ltr'><strong>certis</strong></span> <span class='ocrx_word' id='word_1_479' title='bbox 3072 2438 3277 2491; x_wconf 87' lang='lat' dir='ltr'><strong>diebus.</strong></span> <span class='ocrx_word' id='word_1_480' title='bbox 3311 2436 3377 2490; x_wconf 83' lang='lat' dir='ltr'><strong>Et</strong></span> <span class='ocrx_word' id='word_1_481' title='bbox 3417 2442 3645 2493; x_wconf 84' lang='lat' dir='ltr'><strong>omnium</strong></span> <span class='ocrx_word' id='word_1_482' title='bbox 3679 2444 3860 2492; x_wconf 69' lang='lat' dir='ltr'><strong>circum</strong></span> 
     </span>
    </p>
   </div>
   <div class='ocr_carea' id='block_1_70' title="bbox 2284 2506 3860 2576">
    <p class='ocr_par' dir='ltr' id='par_1_70' title="bbox 2284 2506 3860 2576">
     <span class='ocr_line' id='line_1_71' title="bbox 2284 2506 3860 2576; baseline 0.001 -15"><span class='ocrx_word' id='word_1_483' title='bbox 2284 2510 2580 2565; x_wconf 82' lang='lat' dir='ltr'><strong>astuntium.</strong></span> <span class='ocrx_word' id='word_1_484' title='bbox 2614 2521 2832 2576; x_wconf 83' lang='lat' dir='ltr'><strong>quorum</strong></span> <span class='ocrx_word' id='word_1_485' title='bbox 2864 2506 2954 2559; x_wconf 85' lang='lat' dir='ltr'><strong>tibi</strong></span> <span class='ocrx_word' id='word_1_486' title='bbox 2998 2506 3127 2573; x_wconf 82' lang='lat' dir='ltr'><strong>ﬁdes</strong></span> <span class='ocrx_word' id='word_1_487' title='bbox 3150 2510 3353 2576; x_wconf 86' lang='lat' dir='ltr'><strong>cognita</strong></span> <span class='ocrx_word' id='word_1_488' title='bbox 3382 2519 3456 2561; x_wconf 88' lang='lat' dir='ltr'><strong>est</strong></span> <span class='ocrx_word' id='word_1_489' title='bbox 3488 2521 3536 2562; x_wconf 85' lang='lat' dir='ltr'><strong>et</strong></span> <span class='ocrx_word' id='word_1_490' title='bbox 3567 2521 3691 2562; x_wconf 83' lang='lat' dir='ltr'><strong>nota</strong></span> <span class='ocrx_word' id='word_1_491' title='bbox 3719 2513 3860 2563; x_wconf 79' lang='lat' dir='ltr'><strong>dero-</strong></span> 
     </span>
    </p>
   </div>
   <div class='ocr_carea' id='block_1_71' title="bbox 2283 2574 3860 2646">
    <p class='ocr_par' dir='ltr' id='par_1_71' title="bbox 2283 2574 3860 2646">
     <span class='ocr_line' id='line_1_72' title="bbox 2283 2574 3860 2646; baseline 0 -15"><span class='ocrx_word' id='word_1_492' title='bbox 2283 2581 2374 2643; x_wconf 88' lang='lat' dir='ltr'><strong>tio,</strong></span> <span class='ocrx_word' id='word_1_493' title='bbox 2404 2580 2489 2645; x_wconf 88' lang='lat' dir='ltr'><strong>qui</strong></span> <span class='ocrx_word' id='word_1_494' title='bbox 2517 2576 2605 2629; x_wconf 80' lang='lat' dir='ltr'><strong>tibi</strong></span> <span class='ocrx_word' id='word_1_495' title='bbox 2628 2574 2848 2642; x_wconf 73' lang='lat' dir='ltr'><strong>aﬂ&#39;erunt</strong></span> <span class='ocrx_word' id='word_1_496' title='bbox 2876 2577 2970 2629; x_wconf 83' lang='lat' dir='ltr'><strong>hoc</strong></span> <span class='ocrx_word' id='word_1_497' title='bbox 2996 2574 3307 2643; x_wconf 73' lang='lat' dir='ltr'><strong>sacriﬁcium</strong></span> <span class='ocrx_word' id='word_1_498' title='bbox 3335 2579 3509 2631; x_wconf 86' lang='lat' dir='ltr'><strong>laudis</strong></span> <span class='ocrx_word' id='word_1_499' title='bbox 3541 2596 3633 2646; x_wconf 80' lang='lat' dir='ltr'><strong>pro</strong></span> <span class='ocrx_word' id='word_1_500' title='bbox 3655 2598 3712 2632; x_wconf 85' lang='lat' dir='ltr'><strong>se</strong></span> <span class='ocrx_word' id='word_1_501' title='bbox 3732 2584 3860 2634; x_wconf 64' lang='lat' dir='ltr'><strong>suis-</strong></span> 
     </span>
    </p>
   </div>
   <div class='ocr_carea' id='block_1_72' title="bbox 2281 2646 3855 2718">
    <p class='ocr_par' dir='ltr' id='par_1_72' title="bbox 2281 2646 3855 2718">
     <span class='ocr_line' id='line_1_73' title="bbox 2281 2646 3855 2718; baseline 0.001 -18"><span class='ocrx_word' id='word_1_502' title='bbox 2281 2665 2379 2718; x_wconf 83' lang='lat' dir='ltr'><strong>qua</strong></span> <span class='ocrx_word' id='word_1_503' title='bbox 2407 2647 2660 2711; x_wconf 81' lang='lat' dir='ltr'><strong>omnibus,</strong></span> <span class='ocrx_word' id='word_1_504' title='bbox 2691 2662 2783 2718; x_wconf 85' lang='lat' dir='ltr'><strong>pro</strong></span> <span class='ocrx_word' id='word_1_505' title='bbox 2816 2646 3158 2718; x_wconf 78' lang='lat' dir='ltr'><strong>redemptione</strong></span> <span class='ocrx_word' id='word_1_506' title='bbox 3181 2650 3471 2699; x_wconf 86' lang='lat' dir='ltr'><strong>animarum</strong></span> <span class='ocrx_word' id='word_1_507' title='bbox 3512 2666 3747 2714; x_wconf 76' lang='lat' dir='ltr'><strong>suarum,</strong></span> <span class='ocrx_word' id='word_1_508' title='bbox 3779 2666 3855 2715; x_wconf 71' lang='lat' dir='ltr'><strong>pro</strong></span> 
     </span>
    </p>
   </div>
   <div class='ocr_carea' id='block_1_73' title="bbox 2280 2714 3855 2785">
    <p class='ocr_par' dir='ltr' id='par_1_73' title="bbox 2280 2714 3855 2785">
     <span class='ocr_line' id='line_1_74' title="bbox 2280 2714 3855 2785; baseline -0.001 -14"><span class='ocrx_word' id='word_1_509' title='bbox 2280 2714 2370 2785; x_wconf 76' lang='lat' dir='ltr'><strong>spe</strong></span> <span class='ocrx_word' id='word_1_510' title='bbox 2392 2718 2574 2769; x_wconf 86' lang='lat' dir='ltr'><strong>salutis</strong></span> <span class='ocrx_word' id='word_1_511' title='bbox 2595 2714 2741 2782; x_wconf 82' lang='lat' dir='ltr'><strong>atque</strong></span> <span class='ocrx_word' id='word_1_512' title='bbox 2766 2714 3132 2767; x_wconf 76' lang='lat' dir='ltr'><strong>incolumitatis</strong></span> <span class='ocrx_word' id='word_1_513' title='bbox 3148 2732 3275 2780; x_wconf 73' lang='lat' dir='ltr'><strong>sure,</strong></span> <span class='ocrx_word' id='word_1_514' title='bbox 3303 2718 3492 2785; x_wconf 78' lang='lat' dir='ltr'><strong>tibique</strong></span> <span class='ocrx_word' id='word_1_515' title='bbox 3509 2720 3733 2770; x_wconf 78' lang='lat' dir='ltr'><strong>reddunt</strong></span> <span class='ocrx_word' id='word_1_516' title='bbox 3757 2714 3855 2771; x_wconf 69' lang='lat' dir='ltr'><strong>rota</strong></span> 
     </span>
    </p>
   </div>
   <div class='ocr_carea' id='block_1_74' title="bbox 2281 2785 3851 2851">
    <p class='ocr_par' dir='ltr' id='par_1_74' title="bbox 2281 2785 3851 2851">
     <span class='ocr_line' id='line_1_75' title="bbox 2281 2785 3851 2851; baseline -0.001 -10"><span class='ocrx_word' id='word_1_517' title='bbox 2281 2803 2374 2841; x_wconf 88' lang='lat' dir='ltr'><strong>sua</strong></span> <span class='ocrx_word' id='word_1_518' title='bbox 2402 2798 2589 2839; x_wconf 64' lang='lat' dir='ltr'><strong>aeterno</strong></span> <span class='ocrx_word' id='word_1_519' title='bbox 2612 2786 2744 2851; x_wconf 79' lang='lat' dir='ltr'><strong>lteo,</strong></span> <span class='ocrx_word' id='word_1_520' title='bbox 2777 2787 2886 2836; x_wconf 84' lang='lat' dir='ltr'><strong>vivo</strong></span> <span class='ocrx_word' id='word_1_521' title='bbox 2919 2795 2965 2836; x_wconf 91' lang='lat' dir='ltr'><strong>et</strong></span> <span class='ocrx_word' id='word_1_522' title='bbox 2988 2800 3125 2838; x_wconf 72' lang='lat' dir='ltr'><strong>vero.</strong></span> <span class='ocrx_word' id='word_1_523' title='bbox 3168 2785 3622 2840; x_wconf 82' lang='lat' dir='ltr'><strong>Communicantes</strong></span> <span class='ocrx_word' id='word_1_524' title='bbox 3651 2800 3698 2841; x_wconf 86' lang='lat' dir='ltr'><strong>et</strong></span> <span class='ocrx_word' id='word_1_525' title='bbox 3732 2791 3851 2839; x_wconf 68' lang='lat' dir='ltr'><strong>diem</strong></span> 
     </span>
    </p>
   </div>
   <div class='ocr_carea' id='block_1_75' title="bbox 2280 2854 3850 2912">
    <p class='ocr_par' dir='ltr' id='par_1_75' title="bbox 2280 2854 3850 2912">
     <span class='ocr_line' id='line_1_76' title="bbox 2280 2854 3850 2912; baseline -0.001 -2"><span class='ocrx_word' id='word_1_526' title='bbox 2280 2866 2717 2911; x_wconf 83' lang='lat' dir='ltr'><strong>venerantes......</strong></span> <span class='ocrx_word' id='word_1_527' title='bbox 2766 2854 2962 2909; x_wconf 81' lang='lat' dir='ltr'><strong>Cosnue</strong></span> <span class='ocrx_word' id='word_1_528' title='bbox 2987 2863 3037 2907; x_wconf 86' lang='lat' dir='ltr'><strong>et</strong></span> <span class='ocrx_word' id='word_1_529' title='bbox 3087 2854 3347 2908; x_wconf 86' lang='lat' dir='ltr'><strong>Damiani.</strong></span> <span class='ocrx_word' id='word_1_530' title='bbox 3404 2856 3461 2912; x_wconf 90' lang='lat' dir='ltr'><strong>Si</strong></span> <span class='ocrx_word' id='word_1_531' title='bbox 3508 2857 3669 2909; x_wconf 82' lang='lat' dir='ltr'><strong>fuerit</strong></span> <span class='ocrx_word' id='word_1_532' title='bbox 3698 2861 3850 2911; x_wconf 75' lang='lat' dir='ltr'><strong>natale</strong></span> 
     </span>
    </p>
   </div>
   <div class='ocr_carea' id='block_1_76' title="bbox 2282 2924 3847 2991">
    <p class='ocr_par' dir='ltr' id='par_1_76' title="bbox 2282 2924 3847 2991">
     <span class='ocr_line' id='line_1_77' title="bbox 2282 2924 3847 2991; baseline -0.002 -11"><span class='ocrx_word' id='word_1_533' title='bbox 2282 2940 2609 2991; x_wconf 88' lang='lat' dir='ltr'><strong>sanctorum,</strong></span> <span class='ocrx_word' id='word_1_534' title='bbox 2645 2926 2729 2978; x_wconf 92' lang='lat' dir='ltr'><strong>liic</strong></span> <span class='ocrx_word' id='word_1_535' title='bbox 2757 2925 2937 2978; x_wconf 86' lang='lat' dir='ltr'><strong>dicat:</strong></span> <span class='ocrx_word' id='word_1_536' title='bbox 2972 2924 3076 2978; x_wconf 86' lang='lat' dir='ltr'><strong>Sed</strong></span> <span class='ocrx_word' id='word_1_537' title='bbox 3102 2936 3148 2976; x_wconf 88' lang='lat' dir='ltr'><strong>et</strong></span> <span class='ocrx_word' id='word_1_538' title='bbox 3180 2926 3315 2978; x_wconf 84' lang='lat' dir='ltr'><strong>diem</strong></span> <span class='ocrx_word' id='word_1_539' title='bbox 3348 2928 3581 2979; x_wconf 74' lang='grc' dir='ltr'><strong>παισῑὶῆὶ</strong></span> <span class='ocrx_word' id='word_1_540' title='bbox 3611 2927 3738 2978; x_wconf 81' lang='lat' dir='ltr'><strong>beati</strong></span> <span class='ocrx_word' id='word_1_541' title='bbox 3755 2928 3847 2987; x_wconf 71' lang='grc' dir='ltr'><strong>ω..</strong></span> 
     </span>
    </p>
   </div>
   <div class='ocr_carea' id='block_1_77' title="bbox 2282 2993 3843 3060">
    <p class='ocr_par' dir='ltr' id='par_1_77' title="bbox 2282 2993 3843 3060">
     <span class='ocr_line' id='line_1_78' title="bbox 2282 2993 3843 3060; baseline -0.001 -11"><span class='ocrx_word' id='word_1_542' title='bbox 2282 3001 2358 3050; x_wconf 78' lang='lat' dir='ltr'><strong>vel</strong></span> <span class='ocrx_word' id='word_1_543' title='bbox 2387 2998 2645 3049; x_wconf 82' lang='lat' dir='ltr'><strong>beatorum</strong></span> <span class='ocrx_word' id='word_1_544' title='bbox 2682 2993 2787 3058; x_wconf 85' lang='lat' dir='ltr'><strong>itI.,</strong></span> <span class='ocrx_word' id='word_1_545' title='bbox 2836 2993 3157 3056; x_wconf 74' lang='lat' dir='ltr'><strong>celebrantes,</strong></span> <span class='ocrx_word' id='word_1_546' title='bbox 3200 3006 3244 3047; x_wconf 89' lang='lat' dir='ltr'><strong>et</strong></span> <span class='ocrx_word' id='word_1_547' title='bbox 3272 2998 3504 3048; x_wconf 80' lang='lat' dir='ltr'><strong>omnium</strong></span> <span class='ocrx_word' id='word_1_548' title='bbox 3532 3007 3843 3060; x_wconf 73' lang='lat' dir='ltr'><strong>sanctam,</strong></span> 
     </span>
    </p>
   </div>
   <div class='ocr_carea' id='block_1_78' title="bbox 2282 3064 3845 3134">
    <p class='ocr_par' dir='ltr' id='par_1_78' title="bbox 2282 3064 3845 3134">
     <span class='ocr_line' id='line_1_79' title="bbox 2282 3064 3845 3134; baseline 0 -17"><span class='ocrx_word' id='word_1_549' title='bbox 2282 3083 2496 3134; x_wconf 87' lang='lat' dir='ltr'><strong>quorum</strong></span> <span class='ocrx_word' id='word_1_550' title='bbox 2514 3065 2704 3116; x_wconf 85' lang='lat' dir='ltr'><strong>meritis</strong></span> <span class='ocrx_word' id='word_1_551' title='bbox 2724 3064 3048 3131; x_wconf 82' lang='lat' dir='ltr'><strong>precibusque</strong></span> <span class='ocrx_word' id='word_1_552' title='bbox 3061 3065 3333 3127; x_wconf 68' lang='lat' dir='ltr'><strong>concedas,</strong></span> <span class='ocrx_word' id='word_1_553' title='bbox 3360 3076 3411 3117; x_wconf 87' lang='lat' dir='ltr'><strong>ut</strong></span> <span class='ocrx_word' id='word_1_554' title='bbox 3433 3067 3485 3118; x_wconf 88' lang='lat' dir='ltr'><strong>in</strong></span> <span class='ocrx_word' id='word_1_555' title='bbox 3499 3068 3721 3118; x_wconf 70' lang='lat' dir='ltr'><strong>omnibus</strong></span> <span class='ocrx_word' id='word_1_556' title='bbox 3739 3082 3845 3132; x_wconf 82' lang='lat' dir='ltr'><strong>pro—</strong></span> 
     </span>
    </p>
   </div>
   <div class='ocr_carea' id='block_1_79' title="bbox 608 3134 3845 3205">
    <p class='ocr_par' dir='ltr' id='par_1_79' title="bbox 608 3134 3845 3205">
     <span class='ocr_line' id='line_1_80' title="bbox 608 3134 3845 3205; baseline -0.001 -15"><span class='ocrx_word' id='word_1_557' title='bbox 608 3138 740 3190; x_wconf 91' lang='lat' dir='ltr'><strong>lum.</strong></span> <span class='ocrx_word' id='word_1_558' title='bbox 792 3135 982 3189; x_wconf 80' lang='lat' dir='ltr'><strong>Nostra</strong></span> <span class='ocrx_word' id='word_1_559' title='bbox 1013 3136 1211 3203; x_wconf 83' lang='lat' dir='ltr'><strong>quippe</strong></span> <span class='ocrx_word' id='word_1_560' title='bbox 1242 3135 1550 3205; x_wconf 82' lang='lat' dir='ltr'><strong>Benedictio</strong></span> <span class='ocrx_word' id='word_1_561' title='bbox 1597 3141 1881 3203; x_wconf 83' lang='lat' dir='ltr'><strong>postulatio</strong></span> <span class='ocrx_word' id='word_1_562' title='bbox 1923 3148 2005 3192; x_wconf 91' lang='lat' dir='ltr'><strong>est</strong></span> <span class='ocrx_word' id='word_1_563' title='bbox 2032 3139 2174 3205; x_wconf 88' lang='lat' dir='ltr'><strong>apud</strong></span> <span class='ocrx_word' id='word_1_564' title='bbox 2204 3135 2249 3196; x_wconf 87' lang='lat' dir='ltr'>C</span> <span class='ocrx_word' id='word_1_565' title='bbox 2282 3136 2510 3189; x_wconf 80' lang='lat' dir='ltr'><strong>lectionis</strong></span> <span class='ocrx_word' id='word_1_566' title='bbox 2538 3144 2635 3205; x_wconf 77' lang='lat' dir='ltr'><strong>tute</strong></span> <span class='ocrx_word' id='word_1_567' title='bbox 2659 3136 2949 3205; x_wconf 71' lang='lat' dir='ltr'><strong>muniantur</strong></span> <span class='ocrx_word' id='word_1_568' title='bbox 2978 3134 3173 3186; x_wconf 77' lang='lat' dir='ltr'><strong>auxilio</strong></span> <span class='ocrx_word' id='word_1_569' title='bbox 3196 3150 3285 3202; x_wconf 88' lang='lat' dir='ltr'><strong>per</strong></span> <span class='ocrx_word' id='word_1_570' title='bbox 3306 3136 3567 3187; x_wconf 72' lang='lat' dir='ltr'><strong>Christum</strong></span> <span class='ocrx_word' id='word_1_571' title='bbox 3594 3136 3845 3188; x_wconf 73' lang='lat' dir='ltr'><strong>Dominus</strong></span> 
     </span>
    </p>
   </div>
   <div class='ocr_carea' id='block_1_80' title="bbox 610 3204 2170 3276">
    <p class='ocr_par' dir='ltr' id='par_1_80' title="bbox 610 3204 2170 3276">
     <span class='ocr_line' id='line_1_81' title="bbox 610 3204 2170 3276; baseline 0.004 -22"><span class='ocrx_word' id='word_1_572' title='bbox 610 3207 798 3276; x_wconf 75' lang='lat' dir='ltr'><strong>lii-iiut,</strong></span> <span class='ocrx_word' id='word_1_573' title='bbox 829 3215 886 3258; x_wconf 90' lang='lat' dir='ltr'><strong>ut</strong></span> <span class='ocrx_word' id='word_1_574' title='bbox 926 3205 1245 3276; x_wconf 86' lang='lat' dir='ltr'><strong>benedicere</strong></span> <span class='ocrx_word' id='word_1_575' title='bbox 1273 3204 1533 3271; x_wconf 77' lang='lat' dir='ltr'><strong>dignetur.</strong></span> <span class='ocrx_word' id='word_1_576' title='bbox 1584 3209 1877 3275; x_wconf 70' lang='lat' dir='ltr'><strong>Episcopus</strong></span> <span class='ocrx_word' id='word_1_577' title='bbox 1918 3204 2170 3276; x_wconf 86' lang='lat' dir='ltr'><strong>namque,</strong></span> 
     </span>
    </p>
   </div>
   <div class='ocr_carea' id='block_1_81' title="bbox 606 3275 2176 3344">
    <p class='ocr_par' dir='ltr' id='par_1_81' title="bbox 606 3275 2176 3344">
     <span class='ocr_line' id='line_1_82' title="bbox 606 3275 2176 3344; baseline 0.002 -16"><span class='ocrx_word' id='word_1_578' title='bbox 606 3275 730 3328; x_wconf 87' lang='lat' dir='ltr'><strong>data</strong></span> <span class='ocrx_word' id='word_1_579' title='bbox 765 3275 1163 3344; x_wconf 77' lang='lat' dir='ltr'><strong>Beuedictioue,</strong></span> <span class='ocrx_word' id='word_1_580' title='bbox 1194 3276 1476 3328; x_wconf 89' lang='lat' dir='ltr'><strong>revertitur</strong></span> <span class='ocrx_word' id='word_1_581' title='bbox 1502 3276 1565 3327; x_wconf 90' lang='lat' dir='ltr'><strong>ad</strong></span> <span class='ocrx_word' id='word_1_582' title='bbox 1602 3278 1834 3344; x_wconf 88' lang='lat' dir='ltr'><strong>pr0pria.</strong></span> <span class='ocrx_word' id='word_1_583' title='bbox 1871 3275 2176 3331; x_wconf 35' lang='lat' dir='ltr'><strong>Postea’aii-</strong></span> 
     </span>
    </p>
   </div>
   <div class='ocr_carea' id='block_1_82' title="bbox 607 3342 2173 3417">
    <p class='ocr_par' dir='ltr' id='par_1_82' title="bbox 607 3342 2173 3417">
     <span class='ocr_line' id='line_1_83' title="bbox 607 3342 2173 3417; baseline 0.002 -21"><span class='ocrx_word' id='word_1_584' title='bbox 607 3343 813 3417; x_wconf 78' lang='lat' dir='ltr'><strong>nuntiat</strong></span> <span class='ocrx_word' id='word_1_585' title='bbox 843 3345 1098 3417; x_wconf 87' lang='lat' dir='ltr'><strong>diaconus</strong></span> <span class='ocrx_word' id='word_1_586' title='bbox 1132 3342 1230 3417; x_wconf 82' lang='lat' dir='ltr'><strong>Ite,</strong></span> <span class='ocrx_word' id='word_1_587' title='bbox 1275 3343 1446 3417; x_wconf 63' lang='grc' dir='ltr'><strong>⁸ιὶιὲεεα</strong></span> <span class='ocrx_word' id='word_1_588' title='bbox 1476 3353 1569 3397; x_wconf 86' lang='lat' dir='ltr'><strong>est.</strong></span> <span class='ocrx_word' id='word_1_589' title='bbox 1603 3342 1676 3399; x_wconf 40' lang='lat' dir='ltr'><strong>_lu</strong></span> <span class='ocrx_word' id='word_1_590' title='bbox 1704 3342 2173 3417; x_wconf 17' lang='lat' dir='ltr'><strong>arigelurumitypu</strong></span> 
     </span>
    </p>
   </div>
   <div class='ocr_carea' id='block_1_83' title="bbox 607 3413 2175 3483">
    <p class='ocr_par' dir='ltr' id='par_1_83' title="bbox 607 3413 2175 3483">
     <span class='ocr_line' id='line_1_84' title="bbox 607 3413 2175 3483; baseline 0.001 -16"><span class='ocrx_word' id='word_1_591' title='bbox 607 3414 845 3483; x_wconf 88' lang='lat' dir='ltr'><strong>loquitur</strong></span> <span class='ocrx_word' id='word_1_592' title='bbox 876 3415 1090 3482; x_wconf 87' lang='lat' dir='ltr'><strong>populo,</strong></span> <span class='ocrx_word' id='word_1_593' title='bbox 1120 3415 1208 3469; x_wconf 89' lang='lat' dir='ltr'><strong>oui</strong></span> <span class='ocrx_word' id='word_1_594' title='bbox 1256 3413 1504 3467; x_wconf 78' lang='lat' dir='ltr'><strong>dixerunt</strong></span> <span class='ocrx_word' id='word_1_595' title='bbox 1534 3413 1803 3482; x_wconf 57' lang='lat' dir='ltr'><strong>apostoli;</strong></span> <span class='ocrx_word' id='word_1_596' title='bbox 1835 3435 1844 3468; x_wconf 93' lang='lat'><strong>:</strong></span> <span class='ocrx_word' id='word_1_597' title='bbox 1885 3418 1977 3470; x_wconf 89' lang='lat' dir='ltr'><strong>llic</strong></span> <span class='ocrx_word' id='word_1_598' title='bbox 2016 3413 2175 3471; x_wconf 57' lang='lat' dir='ltr'><strong>Je&#39;siis</strong></span> 
     </span>
    </p>
   </div>
   <div class='ocr_carea' id='block_1_84' title="bbox 602 3556 1920 3587">
    <p class='ocr_par' dir='ltr' id='par_1_84' title="bbox 602 3556 1920 3587">
     <span class='ocr_line' id='line_1_85' title="bbox 602 3556 1920 3587; baseline 0.001 -2"><span class='ocrx_word' id='word_1_599' title='bbox 602 3556 1920 3587; x_wconf 53' lang='lat' dir='ltr'><strong>Mm...—</strong></span> 
     </span>
    </p>
   </div>
   <div class='ocr_carea' id='block_1_85' title="bbox 2280 3202 3846 3269">
    <p class='ocr_par' dir='ltr' id='par_1_85' title="bbox 2280 3202 3846 3269">
     <span class='ocr_line' id='line_1_86' title="bbox 2280 3202 3846 3269; baseline -0.002 -10"><span class='ocrx_word' id='word_1_600' title='bbox 2280 3216 2528 3259; x_wconf 87' lang='lat' dir='ltr'><strong>nostrum.</strong></span> <span class='ocrx_word' id='word_1_601' title='bbox 2547 3204 2642 3256; x_wconf 90' lang='lat' dir='ltr'><strong>llic</strong></span> <span class='ocrx_word' id='word_1_602' title='bbox 2665 3202 2882 3256; x_wconf 90' lang='lat' dir='ltr'><strong>inclinat</strong></span> <span class='ocrx_word' id='word_1_603' title='bbox 2907 3218 2963 3255; x_wconf 89' lang='lat' dir='ltr'><strong>se</strong></span> <span class='ocrx_word' id='word_1_604' title='bbox 2991 3218 3159 3269; x_wconf 89' lang='lat' dir='ltr'><strong>usque</strong></span> <span class='ocrx_word' id='word_1_605' title='bbox 3178 3206 3242 3256; x_wconf 87' lang='lat' dir='ltr'><strong>ad</strong></span> <span class='ocrx_word' id='word_1_606' title='bbox 3267 3206 3689 3268; x_wconf 66' lang='lat' dir='ltr'><strong>attare,5licens;</strong></span> <span class='ocrx_word' id='word_1_607' title='bbox 3714 3205 3846 3257; x_wconf 76' lang='lat' dir='ltr'><strong>Han:</strong></span> 
     </span>
    </p>
   </div>
   <div class='ocr_carea' id='block_1_86' title="bbox 2278 3274 3846 3345">
    <p class='ocr_par' dir='ltr' id='par_1_86' title="bbox 2278 3274 3846 3345">
     <span class='ocr_line' id='line_1_87' title="bbox 2278 3274 3846 3345; baseline -0.002 -17"><span class='ocrx_word' id='word_1_608' title='bbox 2278 3278 2436 3345; x_wconf 81' lang='lat' dir='ltr'><strong>igitur</strong></span> <span class='ocrx_word' id='word_1_609' title='bbox 2492 3274 2793 3345; x_wconf 83' lang='lat' dir='ltr'><strong>oblationem</strong></span> <span class='ocrx_word' id='word_1_610' title='bbox 2831 3274 3082 3324; x_wconf 73' lang='lat' dir='ltr'><strong>servitutis</strong></span> <span class='ocrx_word' id='word_1_611' title='bbox 3111 3286 3370 3345; x_wconf 64' lang='lat' dir='ltr'><strong>nostrir...</strong></span> <span class='ocrx_word' id='word_1_612' title='bbox 3399 3285 3447 3328; x_wconf 85' lang='lat' dir='ltr'><strong>et</strong></span> <span class='ocrx_word' id='word_1_613' title='bbox 3497 3282 3548 3326; x_wconf 84' lang='lat' dir='ltr'><strong>in</strong></span> <span class='ocrx_word' id='word_1_614' title='bbox 3594 3277 3846 3345; x_wconf 62' lang='lat' dir='ltr'><strong>electurus:</strong></span> 
     </span>
    </p>
   </div>
   <div class='ocr_carea' id='block_1_87' title="bbox 2280 3343 3847 3411">
    <p class='ocr_par' dir='ltr' id='par_1_87' title="bbox 2280 3343 3847 3411">
     <span class='ocr_line' id='line_1_88' title="bbox 2280 3343 3847 3411; baseline -0.003 -13"><span class='ocrx_word' id='word_1_615' title='bbox 2280 3343 2478 3399; x_wconf 75' lang='lat' dir='ltr'><strong>tuorum</strong></span> <span class='ocrx_word' id='word_1_616' title='bbox 2500 3344 2681 3411; x_wconf 86' lang='lat' dir='ltr'><strong>jubeas</strong></span> <span class='ocrx_word' id='word_1_617' title='bbox 2724 3358 2874 3410; x_wconf 84' lang='lat' dir='ltr'><strong>grege</strong></span> <span class='ocrx_word' id='word_1_618' title='bbox 2904 3343 3156 3394; x_wconf 86' lang='lat' dir='ltr'><strong>numerari</strong></span> <span class='ocrx_word' id='word_1_619' title='bbox 3181 3359 3268 3409; x_wconf 86' lang='lat' dir='ltr'><strong>per</strong></span> <span class='ocrx_word' id='word_1_620' title='bbox 3295 3343 3562 3395; x_wconf 77' lang='lat' dir='ltr'><strong>Christum</strong></span> <span class='ocrx_word' id='word_1_621' title='bbox 3594 3344 3847 3397; x_wconf 67' lang='lat' dir='ltr'><strong>Donum</strong></span> 
     </span>
    </p>
   </div>
   <div class='ocr_carea' id='block_1_88' title="bbox 2282 3411 3535 3481">
    <p class='ocr_par' dir='ltr' id='par_1_88' title="bbox 2282 3411 3535 3481">
     <span class='ocr_line' id='line_1_89' title="bbox 2282 3411 3535 3481; baseline -0.002 -13"><span class='ocrx_word' id='word_1_622' title='bbox 2282 3424 2530 3469; x_wconf 84' lang='lat' dir='ltr'><strong>nostrum.</strong></span> <span class='ocrx_word' id='word_1_623' title='bbox 2560 3415 2762 3466; x_wconf 65' lang='lat' dir='ltr'><strong>(latera</strong></span> <span class='ocrx_word' id='word_1_624' title='bbox 2798 3411 2959 3463; x_wconf 84' lang='lat' dir='ltr'><strong>babes</strong></span> <span class='ocrx_word' id='word_1_625' title='bbox 2988 3413 3254 3479; x_wconf 72' lang='lat' dir='ltr'><strong>sapt-rius,</strong></span> <span class='ocrx_word' id='word_1_626' title='bbox 3286 3427 3409 3481; x_wconf 89' lang='lat' dir='ltr'><strong>pag.</strong></span> <span class='ocrx_word' id='word_1_627' title='bbox 3446 3412 3535 3465; x_wconf 82' lang='lat'><strong>6|.</strong></span> 
     </span>
    </p>
   </div>
   <div class='ocr_carea' id='block_1_89' title="bbox 1935 3565 3847 3589">
    <p class='ocr_par' dir='ltr' id='par_1_89' title="bbox 1935 3565 3847 3589">
     <span class='ocr_line' id='line_1_90' title="bbox 1935 3565 3847 3589; baseline 0.001 -3"><span class='ocrx_word' id='word_1_628' title='bbox 1935 3565 3847 3589; x_wconf 57' lang='lat' dir='ltr'>ww</span> 
     </span>
    </p>
   </div>
   <div class='ocr_carea' id='block_1_90' title="bbox 2148 3697 2335 3800">
    <p class='ocr_par' dir='ltr' id='par_1_90' title="bbox 2148 3697 2335 3800">
     <span class='ocr_line' id='line_1_91' title="bbox 2148 3697 2335 3800; baseline 0 -1"><span class='ocrx_word' id='word_1_629' title='bbox 2148 3697 2335 3800; x_wconf 82' lang='lat' dir='ltr'><strong>ll.</strong></span> 
     </span>
    </p>
   </div>
   <div class='ocr_carea' id='block_1_91' title="bbox 1145 3889 3279 3953">
    <p class='ocr_par' dir='ltr' id='par_1_91' title="bbox 1145 3889 3279 3953">
     <span class='ocr_line' id='line_1_92' title="bbox 1145 3889 3279 3953; baseline 0 -3"><span class='ocrx_word' id='word_1_630' title='bbox 1145 3889 1469 3951; x_wconf 81' lang='lat' dir='ltr'><strong>JOANNIS</strong></span> <span class='ocrx_word' id='word_1_631' title='bbox 1511 3891 1837 3953; x_wconf 83' lang='lat' dir='ltr'><strong>DIACONI</strong></span> <span class='ocrx_word' id='word_1_632' title='bbox 1883 3893 2115 3953; x_wconf 77' lang='lat' dir='ltr'><strong>LIBER</strong></span> <span class='ocrx_word' id='word_1_633' title='bbox 2162 3893 2262 3953; x_wconf 87' lang='lat' dir='ltr'><strong>DE</strong></span> <span class='ocrx_word' id='word_1_634' title='bbox 2306 3891 2681 3951; x_wconf 76' lang='lat' dir='ltr'><strong>ECCLESIA</strong></span> <span class='ocrx_word' id='word_1_635' title='bbox 2730 3890 3279 3951; x_wconf 64' lang='lat' dir='ltr'><strong>L.‘.&#39;1‘ERANENSI</strong></span> 
     </span>
    </p>
   </div>
   <div class='ocr_carea' id='block_1_92' title="bbox 701 4053 2073 4127">
    <p class='ocr_par' dir='ltr' id='par_1_92' title="bbox 701 4053 2073 4127">
     <span class='ocr_line' id='line_1_93' title="bbox 701 4053 2073 4127; baseline -0.003 -16"><span class='ocrx_word' id='word_1_636' title='bbox 701 4058 887 4126; x_wconf 79' lang='lat' dir='ltr'><strong>Incipit</strong></span> <span class='ocrx_word' id='word_1_637' title='bbox 918 4055 1155 4127; x_wconf 83' lang='lat' dir='ltr'><strong>prologus</strong></span> <span class='ocrx_word' id='word_1_638' title='bbox 1180 4055 1231 4108; x_wconf 90' lang='lat' dir='ltr'><strong>in</strong></span> <span class='ocrx_word' id='word_1_639' title='bbox 1265 4055 1391 4109; x_wconf 86' lang='lat' dir='ltr'><strong>libro</strong></span> <span class='ocrx_word' id='word_1_640' title='bbox 1418 4054 1482 4109; x_wconf 87' lang='lat' dir='ltr'><strong>de</strong></span> <span class='ocrx_word' id='word_1_641' title='bbox 1511 4053 1719 4110; x_wconf 88' lang='lat' dir='ltr'><strong>Sanctis</strong></span> <span class='ocrx_word' id='word_1_642' title='bbox 1749 4054 2073 4113; x_wconf 84' lang='lat' dir='ltr'><strong>Sanctorum.</strong></span> 
     </span>
    </p>
   </div>
   <div class='ocr_carea' id='block_1_93' title="bbox 673 4160 2170 4224">
    <p class='ocr_par' dir='ltr' id='par_1_93' title="bbox 673 4160 2170 4224">
     <span class='ocr_line' id='line_1_94' title="bbox 673 4160 2170 4224; baseline -0.006 0"><span class='ocrx_word' id='word_1_643' title='bbox 673 4167 987 4224; x_wconf 83' lang='lat' dir='ltr'><strong>Beatissimo</strong></span> <span class='ocrx_word' id='word_1_644' title='bbox 1003 4166 1218 4219; x_wconf 85' lang='lat' dir='ltr'><strong>domino</strong></span> <span class='ocrx_word' id='word_1_645' title='bbox 1234 4173 1285 4218; x_wconf 91' lang='lat' dir='ltr'><strong>et</strong></span> <span class='ocrx_word' id='word_1_646' title='bbox 1316 4164 1456 4217; x_wconf 78' lang='lat' dir='ltr'><strong>Patri</strong></span> <span class='ocrx_word' id='word_1_647' title='bbox 1477 4163 1913 4218; x_wconf 83' lang='lat' dir='ltr'><strong>reverentissimo</strong></span> <span class='ocrx_word' id='word_1_648' title='bbox 1934 4160 2170 4216; x_wconf 78' lang='lat' dir='ltr'><strong>Alexan-</strong></span> 
     </span>
    </p>
   </div>
   <div class='ocr_carea' id='block_1_94' title="bbox 600 4234 2168 4305">
    <p class='ocr_par' dir='ltr' id='par_1_94' title="bbox 600 4234 2168 4305">
     <span class='ocr_line' id='line_1_95' title="bbox 600 4234 2168 4305; baseline -0.004 -11"><span class='ocrx_word' id='word_1_649' title='bbox 600 4240 699 4294; x_wconf 87' lang='lat' dir='ltr'><strong>dro</strong></span> <span class='ocrx_word' id='word_1_650' title='bbox 725 4239 899 4292; x_wconf 87' lang='lat' dir='ltr'><strong>divina</strong></span> <span class='ocrx_word' id='word_1_651' title='bbox 929 4238 1094 4305; x_wconf 88' lang='lat' dir='ltr'><strong>gratia</strong></span> <span class='ocrx_word' id='word_1_652' title='bbox 1117 4235 1393 4288; x_wconf 77' lang='lat' dir='ltr'><strong>cailiolicte</strong></span> <span class='ocrx_word' id='word_1_653' title='bbox 1418 4235 1671 4288; x_wconf 69' lang='lat' dir='ltr'><strong>Ecclesiae</strong></span> <span class='ocrx_word' id='word_1_654' title='bbox 1689 4244 1847 4302; x_wconf 90' lang='lat' dir='ltr'><strong>atque</strong></span> <span class='ocrx_word' id='word_1_655' title='bbox 1868 4234 2011 4287; x_wconf 83' lang='lat' dir='ltr'><strong>sedis</strong></span> <span class='ocrx_word' id='word_1_656' title='bbox 2036 4246 2168 4305; x_wconf 53' lang='lat' dir='ltr'><strong>aio-</strong></span> 
     </span>
    </p>
   </div>
   <div class='ocr_carea' id='block_1_95' title="bbox 600 4302 2167 4371">
    <p class='ocr_par' dir='ltr' id='par_1_95' title="bbox 600 4302 2167 4371">
     <span class='ocr_line' id='line_1_96' title="bbox 600 4302 2167 4371; baseline -0.005 -9"><span class='ocrx_word' id='word_1_657' title='bbox 600 4309 806 4363; x_wconf 77' lang='lat' dir='ltr'><strong>stolicze</strong></span> <span class='ocrx_word' id='word_1_658' title='bbox 851 4302 1057 4361; x_wconf 77' lang='lat' dir='ltr'><strong>summo</strong></span> <span class='ocrx_word' id='word_1_659' title='bbox 1088 4304 1343 4370; x_wconf 81' lang='lat' dir='ltr'><strong>pontilici,</strong></span> <span class='ocrx_word' id='word_1_660' title='bbox 1375 4305 1609 4359; x_wconf 85' lang='lat' dir='ltr'><strong>Joannes</strong></span> <span class='ocrx_word' id='word_1_661' title='bbox 1636 4305 2018 4371; x_wconf 81' lang='lat' dir='ltr'><strong>qualiscunque</strong></span> <span class='ocrx_word' id='word_1_662' title='bbox 2056 4302 2167 4355; x_wconf 87' lang='lat' dir='ltr'><strong>dia-</strong></span> 
     </span>
    </p>
   </div>
   <div class='ocr_carea' id='block_1_96' title="bbox 2280 4027 3847 4097">
    <p class='ocr_par' dir='ltr' id='par_1_96' title="bbox 2280 4027 3847 4097">
     <span class='ocr_line' id='line_1_97' title="bbox 2280 4027 3847 4097; baseline 0.005 -16"><span class='ocrx_word' id='word_1_663' title='bbox 2280 4037 2570 4097; x_wconf 79' lang='lat' dir='ltr'><strong>praecepto,</strong></span> <span class='ocrx_word' id='word_1_664' title='bbox 2617 4027 2870 4082; x_wconf 86' lang='lat' dir='ltr'><strong>mandato</strong></span> <span class='ocrx_word' id='word_1_665' title='bbox 2896 4043 3107 4097; x_wconf 86' lang='lat' dir='ltr'><strong>quoque</strong></span> <span class='ocrx_word' id='word_1_666' title='bbox 3138 4038 3192 4083; x_wconf 93' lang='lat' dir='ltr'><strong>et</strong></span> <span class='ocrx_word' id='word_1_667' title='bbox 3234 4030 3516 4086; x_wconf 84' lang='lat' dir='ltr'><strong>voluntate</strong></span> <span class='ocrx_word' id='word_1_668' title='bbox 3544 4033 3847 4089; x_wconf 79' lang='lat' dir='ltr'><strong>venerabilis</strong></span> 
     </span>
    </p>
   </div>
   <div class='ocr_carea' id='block_1_97' title="bbox 2280 4098 3848 4168">
    <p class='ocr_par' dir='ltr' id='par_1_97' title="bbox 2280 4098 3848 4168">
     <span class='ocr_line' id='line_1_98' title="bbox 2280 4098 3848 4168; baseline 0.003 -17"><span class='ocrx_word' id='word_1_669' title='bbox 2280 4099 2474 4167; x_wconf 89' lang='lat' dir='ltr'><strong>priuris</strong></span> <span class='ocrx_word' id='word_1_670' title='bbox 2502 4098 2721 4152; x_wconf 81' lang='lat' dir='ltr'><strong>Joannis</strong></span> <span class='ocrx_word' id='word_1_671' title='bbox 2744 4110 2796 4152; x_wconf 88' lang='lat' dir='ltr'><strong>et</strong></span> <span class='ocrx_word' id='word_1_672' title='bbox 2829 4100 3045 4168; x_wconf 73' lang='lat' dir='ltr'><strong>fratrum</strong></span> <span class='ocrx_word' id='word_1_673' title='bbox 3075 4099 3313 4166; x_wconf 83' lang='lat' dir='ltr'><strong>ejusdem</strong></span> <span class='ocrx_word' id='word_1_674' title='bbox 3369 4101 3655 4168; x_wconf 69' lang='lat' dir='ltr'><strong>Ecclesiae,</strong></span> <span class='ocrx_word' id='word_1_675' title='bbox 3682 4104 3747 4158; x_wconf 84' lang='lat' dir='ltr'><strong>ad</strong></span> <span class='ocrx_word' id='word_1_676' title='bbox 3770 4107 3848 4157; x_wconf 77' lang='lat' dir='ltr'><strong>ho-</strong></span> 
     </span>
    </p>
   </div>
   <div class='ocr_carea' id='block_1_98' title="bbox 2278 4167 3847 4228">
    <p class='ocr_par' dir='ltr' id='par_1_98' title="bbox 2278 4167 3847 4228">
     <span class='ocr_line' id='line_1_99' title="bbox 2278 4167 3847 4228; baseline 0.003 -7"><span class='ocrx_word' id='word_1_677' title='bbox 2278 4183 2461 4222; x_wconf 89' lang='lat' dir='ltr'><strong>norem</strong></span> <span class='ocrx_word' id='word_1_678' title='bbox 2511 4168 2714 4220; x_wconf 87' lang='lat' dir='ltr'><strong>Domini</strong></span> <span class='ocrx_word' id='word_1_679' title='bbox 2761 4177 2815 4221; x_wconf 90' lang='lat' dir='ltr'><strong>et</strong></span> <span class='ocrx_word' id='word_1_680' title='bbox 2858 4167 3147 4222; x_wconf 86' lang='lat' dir='ltr'><strong>Salvatoris</strong></span> <span class='ocrx_word' id='word_1_681' title='bbox 3171 4170 3298 4223; x_wconf 85' lang='lat' dir='ltr'><strong>Jesu</strong></span> <span class='ocrx_word' id='word_1_682' title='bbox 3346 4171 3547 4225; x_wconf 81' lang='lat' dir='ltr'><strong>Christi</strong></span> <span class='ocrx_word' id='word_1_683' title='bbox 3604 4188 3847 4228; x_wconf 70' lang='lat' dir='ltr'><strong>renovare</strong></span> 
     </span>
    </p>
   </div>
   <div class='ocr_carea' id='block_1_99' title="bbox 2277 4237 3846 4309">
    <p class='ocr_par' dir='ltr' id='par_1_99' title="bbox 2277 4237 3846 4309">
     <span class='ocr_line' id='line_1_100' title="bbox 2277 4237 3846 4309; baseline 0.002 -19"><span class='ocrx_word' id='word_1_684' title='bbox 2277 4237 2457 4292; x_wconf 88' lang='lat' dir='ltr'><strong>curavi</strong></span> <span class='ocrx_word' id='word_1_685' title='bbox 2488 4237 2787 4309; x_wconf 69' lang='lat' dir='ltr'><strong>posteritati</strong></span> <span class='ocrx_word' id='word_1_686' title='bbox 2816 4241 3259 4309; x_wconf 73' lang='lat' dir='ltr'><strong>conservandam,</strong></span> <span class='ocrx_word' id='word_1_687' title='bbox 3307 4240 3669 4309; x_wconf 86' lang='lat' dir='ltr'><strong>ipsorumque</strong></span> <span class='ocrx_word' id='word_1_688' title='bbox 3706 4245 3846 4297; x_wconf 41' lang='lat' dir='ltr'><strong>de.»</strong></span> 
     </span>
    </p>
   </div>
   <div class='ocr_carea' id='block_1_100' title="bbox 2277 4306 3841 4375">
    <p class='ocr_par' dir='ltr' id='par_1_100' title="bbox 2277 4306 3841 4375">
     <span class='ocr_line' id='line_1_101' title="bbox 2277 4306 3841 4375; baseline 0.003 -15"><span class='ocrx_word' id='word_1_689' title='bbox 2277 4309 2406 4360; x_wconf 89' lang='lat' dir='ltr'><strong>tioni</strong></span> <span class='ocrx_word' id='word_1_690' title='bbox 2437 4306 2787 4373; x_wconf 78' lang='lat' dir='ltr'><strong>profuturam.</strong></span> <span class='ocrx_word' id='word_1_691' title='bbox 2819 4306 2959 4361; x_wconf 92' lang='lat' dir='ltr'><strong>Sane</strong></span> <span class='ocrx_word' id='word_1_692' title='bbox 2983 4310 3100 4375; x_wconf 87' lang='lat' dir='ltr'><strong>quia</strong></span> <span class='ocrx_word' id='word_1_693' title='bbox 3136 4324 3238 4363; x_wconf 91' lang='lat' dir='ltr'><strong>non</strong></span> <span class='ocrx_word' id='word_1_694' title='bbox 3262 4311 3436 4363; x_wconf 91' lang='lat' dir='ltr'><strong>solum</strong></span> <span class='ocrx_word' id='word_1_695' title='bbox 3470 4312 3541 4365; x_wconf 90' lang='lat' dir='ltr'><strong>de</strong></span> <span class='ocrx_word' id='word_1_696' title='bbox 3563 4306 3841 4375; x_wconf 77' lang='lat' dir='ltr'><strong>mendosis,</strong></span> 
     </span>
    </p>
   </div>
   <div class='ocr_carea' id='block_1_101' title="bbox 599 4372 3842 4441">
    <p class='ocr_par' dir='ltr' id='par_1_101' title="bbox 599 4372 3842 4441">
     <span class='ocr_line' id='line_1_102' title="bbox 599 4372 3842 4441; baseline 0.001 -9"><span class='ocrx_word' id='word_1_697' title='bbox 599 4393 767 4432; x_wconf 87' lang='lat' dir='ltr'><strong>conus</strong></span> <span class='ocrx_word' id='word_1_698' title='bbox 815 4377 1047 4430; x_wconf 76' lang='lat' dir='ltr'><strong>basilica:</strong></span> <span class='ocrx_word' id='word_1_699' title='bbox 1091 4375 1380 4429; x_wconf 81' lang='lat' dir='ltr'><strong>Salvatoris</strong></span> <span class='ocrx_word' id='word_1_700' title='bbox 1438 4373 1740 4439; x_wconf 88' lang='lat' dir='ltr'><strong>patriarcliii</strong></span> <span class='ocrx_word' id='word_1_701' title='bbox 1790 4372 2167 4426; x_wconf 86' lang='lat' dir='ltr'><strong>Lateraneusis</strong></span> <span class='ocrx_word' id='word_1_702' title='bbox 2199 4376 2369 4434; x_wconf 91' lang='lat' dir='ltr'><strong>Dsed</strong></span> <span class='ocrx_word' id='word_1_703' title='bbox 2399 4377 2560 4431; x_wconf 90' lang='lat' dir='ltr'><strong>etiam</strong></span> <span class='ocrx_word' id='word_1_704' title='bbox 2606 4375 2675 4430; x_wconf 88' lang='lat' dir='ltr'><strong>de</strong></span> <span class='ocrx_word' id='word_1_705' title='bbox 2705 4377 2892 4430; x_wconf 88' lang='lat' dir='ltr'><strong>otiosis</strong></span> <span class='ocrx_word' id='word_1_706' title='bbox 2916 4372 3041 4431; x_wconf 74' lang='lat' dir='ltr'><strong>ante</strong></span> <span class='ocrx_word' id='word_1_707' title='bbox 3088 4379 3316 4432; x_wconf 87' lang='lat' dir='ltr'><strong>tribunal</strong></span> <span class='ocrx_word' id='word_1_708' title='bbox 3372 4380 3468 4435; x_wconf 82' lang='lat' dir='ltr'><strong>Dei</strong></span> <span class='ocrx_word' id='word_1_709' title='bbox 3520 4383 3770 4441; x_wconf 79' lang='lat' dir='ltr'><strong>viventis.</strong></span> <span class='ocrx_word' id='word_1_710' title='bbox 3800 4372 3842 4434; x_wconf 53' lang='lat' dir='ltr'><strong>iii</strong></span> 
     </span>
    </p>
   </div>
   <div class='ocr_carea' id='block_1_102' title="bbox 599 4442 2167 4510">
    <p class='ocr_par' dir='ltr' id='par_1_102' title="bbox 599 4442 2167 4510">
     <span class='ocr_line' id='line_1_103' title="bbox 599 4442 2167 4510; baseline -0.004 -8"><span class='ocrx_word' id='word_1_711' title='bbox 599 4448 909 4510; x_wconf 73' lang='lat' dir='ltr'><strong>cauouicus,</strong></span> <span class='ocrx_word' id='word_1_712' title='bbox 942 4446 1134 4499; x_wconf 88' lang='lat' dir='ltr'><strong>librum</strong></span> <span class='ocrx_word' id='word_1_713' title='bbox 1165 4444 1231 4497; x_wconf 90' lang='lat' dir='ltr'><strong>de</strong></span> <span class='ocrx_word' id='word_1_714' title='bbox 1277 4444 1483 4497; x_wconf 90' lang='lat' dir='ltr'><strong>Sanctis</strong></span> <span class='ocrx_word' id='word_1_715' title='bbox 1516 4443 1829 4498; x_wconf 91' lang='lat' dir='ltr'><strong>Sanctorum</strong></span> <span class='ocrx_word' id='word_1_716' title='bbox 1860 4457 1922 4494; x_wconf 79' lang='lat' dir='ltr'><strong>ex</strong></span> <span class='ocrx_word' id='word_1_717' title='bbox 1951 4442 2167 4496; x_wconf 85' lang='lat' dir='ltr'><strong>arcliivo</strong></span> 
     </span>
    </p>
   </div>
   <div class='ocr_carea' id='block_1_103' title="bbox 600 4512 2165 4580">
    <p class='ocr_par' dir='ltr' id='par_1_103' title="bbox 600 4512 2165 4580">
     <span class='ocr_line' id='line_1_104' title="bbox 600 4512 2165 4580; baseline -0.005 -10"><span class='ocrx_word' id='word_1_718' title='bbox 600 4527 936 4570; x_wconf 83' lang='lat' dir='ltr'><strong>renovatum.</strong></span> <span class='ocrx_word' id='word_1_719' title='bbox 981 4515 1113 4569; x_wconf 88' lang='lat' dir='ltr'><strong>Cum</strong></span> <span class='ocrx_word' id='word_1_720' title='bbox 1160 4516 1305 4580; x_wconf 82' lang='lat' dir='ltr'><strong>juxta</strong></span> <span class='ocrx_word' id='word_1_721' title='bbox 1353 4514 1608 4578; x_wconf 89' lang='lat' dir='ltr'><strong>sapientis</strong></span> <span class='ocrx_word' id='word_1_722' title='bbox 1664 4514 1763 4566; x_wconf 82' lang='lat' dir='ltr'><strong>viri</strong></span> <span class='ocrx_word' id='word_1_723' title='bbox 1815 4512 2165 4580; x_wconf 66' lang='lat' dir='ltr'><strong>pratcuniuin,</strong></span> 
     </span>
    </p>
   </div>
   <div class='ocr_carea' id='block_1_104' title="bbox 597 4581 2169 4656">
    <p class='ocr_par' dir='ltr' id='par_1_104' title="bbox 597 4581 2169 4656">
     <span class='ocr_line' id='line_1_105' title="bbox 597 4581 2169 4656; baseline 0.001 -22"><span class='ocrx_word' id='word_1_724' title='bbox 597 4588 762 4656; x_wconf 72' lang='lat' dir='ltr'><strong>gloria</strong></span> <span class='ocrx_word' id='word_1_725' title='bbox 795 4601 975 4656; x_wconf 83' lang='lat' dir='ltr'><strong>regiiui</strong></span> <span class='ocrx_word' id='word_1_726' title='bbox 1004 4586 1071 4638; x_wconf 88' lang='lat' dir='ltr'><strong>sit</strong></span> <span class='ocrx_word' id='word_1_727' title='bbox 1100 4586 1274 4637; x_wconf 82' lang='lat' dir='ltr'><strong>celare</strong></span> <span class='ocrx_word' id='word_1_728' title='bbox 1306 4585 1546 4656; x_wconf 79' lang='lat' dir='ltr'><strong>verbum,</strong></span> <span class='ocrx_word' id='word_1_729' title='bbox 1576 4593 1629 4637; x_wconf 88' lang='lat' dir='ltr'><strong>et</strong></span> <span class='ocrx_word' id='word_1_730' title='bbox 1670 4582 1836 4649; x_wconf 86' lang='lat' dir='ltr'><strong>gloria</strong></span> <span class='ocrx_word' id='word_1_731' title='bbox 1883 4581 1978 4656; x_wconf 78' lang='lat' dir='ltr'><strong>Dei</strong></span> <span class='ocrx_word' id='word_1_732' title='bbox 2023 4582 2169 4656; x_wconf 81' lang='lat' dir='ltr'><strong>inve-</strong></span> 
     </span>
    </p>
   </div>
   <div class='ocr_carea' id='block_1_105' title="bbox 596 4652 2168 4724">
    <p class='ocr_par' dir='ltr' id='par_1_105' title="bbox 596 4652 2168 4724">
     <span class='ocr_line' id='line_1_106' title="bbox 596 4652 2168 4724; baseline -0.001 -17"><span class='ocrx_word' id='word_1_733' title='bbox 596 4652 791 4724; x_wconf 76' lang='lat' dir='ltr'><strong>stigare</strong></span> <span class='ocrx_word' id='word_1_734' title='bbox 846 4652 1189 4717; x_wconf 72' lang='lat' dir='ltr'><strong>sermonem,</strong></span> <span class='ocrx_word' id='word_1_735' title='bbox 1244 4654 1722 4724; x_wconf 13' lang='lat' dir='ltr'><strong>tautoiutriusque</strong></span> <span class='ocrx_word' id='word_1_736' title='bbox 1777 4652 2168 4724; x_wconf 80' lang='lat' dir='ltr'><strong>professoribus</strong></span> 
     </span>
    </p>
   </div>
   <div class='ocr_carea' id='block_1_106' title="bbox 596 4720 2164 4793">
    <p class='ocr_par' dir='ltr' id='par_1_106' title="bbox 596 4720 2164 4793">
     <span class='ocr_line' id='line_1_107' title="bbox 596 4720 2164 4793; baseline -0.002 -16"><span class='ocrx_word' id='word_1_737' title='bbox 596 4720 869 4793; x_wconf 77' lang='lat' dir='ltr'><strong>probabile</strong></span> <span class='ocrx_word' id='word_1_738' title='bbox 900 4735 980 4778; x_wconf 87' lang='lat' dir='ltr'><strong>est</strong></span> <span class='ocrx_word' id='word_1_739' title='bbox 1007 4724 1071 4775; x_wconf 88' lang='lat' dir='ltr'><strong>ad</strong></span> <span class='ocrx_word' id='word_1_740' title='bbox 1104 4724 1381 4791; x_wconf 90' lang='lat' dir='ltr'><strong>utriusque</strong></span> <span class='ocrx_word' id='word_1_741' title='bbox 1411 4720 1800 4793; x_wconf 71' lang='lat' dir='ltr'><strong>beneplaCitum</strong></span> <span class='ocrx_word' id='word_1_742' title='bbox 1831 4730 1885 4775; x_wconf 91' lang='lat' dir='ltr'><strong>et</strong></span> <span class='ocrx_word' id='word_1_743' title='bbox 1908 4720 2164 4775; x_wconf 84' lang='lat' dir='ltr'><strong>honorem</strong></span> 
     </span>
    </p>
   </div>
   <div class='ocr_carea' id='block_1_107' title="bbox 595 4792 2165 4861">
    <p class='ocr_par' dir='ltr' id='par_1_107' title="bbox 595 4792 2165 4861">
     <span class='ocr_line' id='line_1_108' title="bbox 595 4792 2165 4861; baseline -0.001 -14"><span class='ocrx_word' id='word_1_744' title='bbox 595 4792 878 4849; x_wconf 81' lang='lat' dir='ltr'><strong>sollicitum</strong></span> <span class='ocrx_word' id='word_1_745' title='bbox 910 4808 974 4847; x_wconf 88' lang='lat' dir='ltr'><strong>ac</strong></span> <span class='ocrx_word' id='word_1_746' title='bbox 999 4793 1246 4846; x_wconf 89' lang='lat' dir='ltr'><strong>devotum</strong></span> <span class='ocrx_word' id='word_1_747' title='bbox 1294 4803 1552 4860; x_wconf 77' lang='lat' dir='ltr'><strong>praestare</strong></span> <span class='ocrx_word' id='word_1_748' title='bbox 1580 4792 1920 4861; x_wconf 88' lang='lat' dir='ltr'><strong>obsequium,</strong></span> <span class='ocrx_word' id='word_1_749' title='bbox 1966 4800 2165 4858; x_wconf 85' lang='lat' dir='ltr'><strong>quanto</strong></span> 
     </span>
    </p>
   </div>
   <div class='ocr_carea' id='block_1_108' title="bbox 593 4862 2165 4932">
    <p class='ocr_par' dir='ltr' id='par_1_108' title="bbox 593 4862 2165 4932">
     <span class='ocr_line' id='line_1_109' title="bbox 593 4862 2165 4932; baseline -0.001 -17"><span class='ocrx_word' id='word_1_750' title='bbox 593 4867 663 4917; x_wconf 90' lang='lat' dir='ltr'><strong>de</strong></span> <span class='ocrx_word' id='word_1_751' title='bbox 692 4868 967 4931; x_wconf 84' lang='lat' dir='ltr'><strong>utriusque</strong></span> <span class='ocrx_word' id='word_1_752' title='bbox 1009 4862 1194 4932; x_wconf 78' lang='lat' dir='ltr'><strong>gratia:</strong></span> <span class='ocrx_word' id='word_1_753' title='bbox 1226 4862 1548 4932; x_wconf 84' lang='lat' dir='ltr'><strong>plenitudine</strong></span> <span class='ocrx_word' id='word_1_754' title='bbox 1575 4871 1821 4932; x_wconf 84' lang='lat' dir='ltr'><strong>speratur</strong></span> <span class='ocrx_word' id='word_1_755' title='bbox 1852 4875 2165 4932; x_wconf 81' lang='lat' dir='ltr'><strong>remunera-</strong></span> 
     </span>
    </p>
   </div>
   <div class='ocr_carea' id='block_1_109' title="bbox 593 4929 2163 5002">
    <p class='ocr_par' dir='ltr' id='par_1_109' title="bbox 593 4929 2163 5002">
     <span class='ocr_line' id='line_1_110' title="bbox 593 4929 2163 5002; baseline -0.001 -18"><span class='ocrx_word' id='word_1_756' title='bbox 593 4936 739 4986; x_wconf 86' lang='lat' dir='ltr'><strong>tione</strong></span> <span class='ocrx_word' id='word_1_757' title='bbox 781 4929 1033 5002; x_wconf 58' lang='lat' dir='ltr'><strong>dignum;</strong></span> <span class='ocrx_word' id='word_1_758' title='bbox 1070 4929 1233 5000; x_wconf 82' lang='lat' dir='ltr'><strong>atque</strong></span> <span class='ocrx_word' id='word_1_759' title='bbox 1280 4931 1644 4985; x_wconf 91' lang='lat' dir='ltr'><strong>indubitanter</strong></span> <span class='ocrx_word' id='word_1_760' title='bbox 1684 4930 1921 5002; x_wconf 80' lang='lat' dir='ltr'><strong>creditur</strong></span> <span class='ocrx_word' id='word_1_761' title='bbox 1969 4929 2163 4982; x_wconf 73' lang='lat' dir='ltr'><strong>allatu-</strong></span> 
     </span>
    </p>
   </div>
   <div class='ocr_carea' id='block_1_110' title="bbox 594 5001 2159 5069">
    <p class='ocr_par' dir='ltr' id='par_1_110' title="bbox 594 5001 2159 5069">
     <span class='ocr_line' id='line_1_111' title="bbox 594 5001 2159 5069; baseline -0.003 -14"><span class='ocrx_word' id='word_1_762' title='bbox 594 5018 733 5065; x_wconf 86' lang='lat' dir='ltr'><strong>rum,</strong></span> <span class='ocrx_word' id='word_1_763' title='bbox 763 5001 865 5057; x_wconf 84' lang='lat' dir='ltr'><strong>etc.</strong></span> <span class='ocrx_word' id='word_1_764' title='bbox 903 5003 1011 5056; x_wconf 92' lang='lat' dir='ltr'><strong>lloc</strong></span> <span class='ocrx_word' id='word_1_765' title='bbox 1054 5004 1232 5069; x_wconf 80' lang='lat' dir='ltr'><strong>itaque</strong></span> <span class='ocrx_word' id='word_1_766' title='bbox 1279 5001 1725 5055; x_wconf 87' lang='lat' dir='ltr'><strong>considerationis</strong></span> <span class='ocrx_word' id='word_1_767' title='bbox 1755 5009 1999 5066; x_wconf 82' lang='lat' dir='ltr'><strong>respectu</strong></span> <span class='ocrx_word' id='word_1_768' title='bbox 2028 5014 2159 5053; x_wconf 90' lang='lat' dir='ltr'><strong>cou-</strong></span> 
     </span>
    </p>
   </div>
   <div class='ocr_carea' id='block_1_111' title="bbox 594 5070 2158 5133">
    <p class='ocr_par' dir='ltr' id='par_1_111' title="bbox 594 5070 2158 5133">
     <span class='ocr_line' id='line_1_112' title="bbox 594 5070 2158 5133; baseline -0.003 -8"><span class='ocrx_word' id='word_1_769' title='bbox 594 5072 861 5133; x_wconf 83' lang='lat' dir='ltr'><strong>siderans,</strong></span> <span class='ocrx_word' id='word_1_770' title='bbox 889 5074 1123 5127; x_wconf 80' lang='lat' dir='ltr'><strong>libellum</strong></span> <span class='ocrx_word' id='word_1_771' title='bbox 1153 5071 1218 5123; x_wconf 89' lang='lat' dir='ltr'><strong>de</strong></span> <span class='ocrx_word' id='word_1_772' title='bbox 1246 5071 1456 5125; x_wconf 84' lang='lat' dir='ltr'><strong>Sanctis</strong></span> <span class='ocrx_word' id='word_1_773' title='bbox 1484 5070 1800 5124; x_wconf 89' lang='lat' dir='ltr'><strong>Sanctorum</strong></span> <span class='ocrx_word' id='word_1_774' title='bbox 1848 5070 2158 5122; x_wconf 84' lang='lat' dir='ltr'><strong>meritoriam</strong></span> 
     </span>
    </p>
   </div>
   <div class='ocr_carea' id='block_1_112' title="bbox 596 5140 2159 5210">
    <p class='ocr_par' dir='ltr' id='par_1_112' title="bbox 596 5140 2159 5210">
     <span class='ocr_line' id='line_1_113' title="bbox 596 5140 2159 5210; baseline 0 -19"><span class='ocrx_word' id='word_1_775' title='bbox 596 5145 977 5205; x_wconf 84' lang='lat' dir='ltr'><strong>continentem,</strong></span> <span class='ocrx_word' id='word_1_776' title='bbox 1003 5160 1033 5210; x_wconf 88' lang='lat' dir='ltr'><strong>q</strong></span> <span class='ocrx_word' id='word_1_777' title='bbox 1061 5143 1089 5195; x_wconf 72' lang='lat' dir='ltr'><strong>ii</strong></span> <span class='ocrx_word' id='word_1_778' title='bbox 1121 5143 1172 5193; x_wconf 91' lang='lat' dir='ltr'><strong>in</strong></span> <span class='ocrx_word' id='word_1_779' title='bbox 1196 5142 1417 5195; x_wconf 76' lang='lat' dir='ltr'><strong>:tl‘t&#39;hlVO</strong></span> <span class='ocrx_word' id='word_1_780' title='bbox 1440 5140 1600 5209; x_wconf 85' lang='lat' dir='ltr'><strong>hujus</strong></span> <span class='ocrx_word' id='word_1_781' title='bbox 1629 5148 1987 5193; x_wconf 66' lang='lat' dir='ltr'><strong>sacrosancta:</strong></span> <span class='ocrx_word' id='word_1_782' title='bbox 2016 5140 2159 5192; x_wconf 88' lang='lat' dir='ltr'><strong>basi-</strong></span> 
     </span>
    </p>
   </div>
   <div class='ocr_carea' id='block_1_113' title="bbox 598 5210 2157 5281">
    <p class='ocr_par' dir='ltr' id='par_1_113' title="bbox 598 5210 2157 5281">
     <span class='ocr_line' id='line_1_114' title="bbox 598 5210 2157 5281; baseline -0.001 -18"><span class='ocrx_word' id='word_1_783' title='bbox 598 5211 711 5264; x_wconf 76' lang='lat' dir='ltr'><strong>lica:</strong></span> <span class='ocrx_word' id='word_1_784' title='bbox 743 5229 771 5265; x_wconf 87' lang='lat' dir='ltr'><strong>a</strong></span> <span class='ocrx_word' id='word_1_785' title='bbox 798 5211 1279 5281; x_wconf 66' lang='lat' dir='ltr'><strong>prazdecessoi-ibus</strong></span> <span class='ocrx_word' id='word_1_786' title='bbox 1308 5212 1501 5263; x_wconf 85' lang='lat' dir='ltr'><strong>nostris</strong></span> <span class='ocrx_word' id='word_1_787' title='bbox 1530 5224 1695 5279; x_wconf 70' lang='lat' dir='ltr'><strong>usque</strong></span> <span class='ocrx_word' id='word_1_788' title='bbox 1718 5210 1781 5261; x_wconf 83' lang='lat' dir='ltr'><strong>ad</strong></span> <span class='ocrx_word' id='word_1_789' title='bbox 1813 5219 1997 5281; x_wconf 56' lang='lat' dir='ltr'><strong>nostra</strong></span> <span class='ocrx_word' id='word_1_790' title='bbox 2022 5219 2157 5281; x_wconf 55' lang='lat' dir='ltr'><strong>tem:</strong></span> 
     </span>
    </p>
   </div>
   <div class='ocr_carea' id='block_1_114' title="bbox 594 5278 2159 5347">
    <p class='ocr_par' dir='ltr' id='par_1_114' title="bbox 594 5278 2159 5347">
     <span class='ocr_line' id='line_1_115' title="bbox 594 5278 2159 5347; baseline 0 -15"><span class='ocrx_word' id='word_1_791' title='bbox 594 5292 724 5346; x_wconf 88' lang='lat' dir='ltr'><strong>pura</strong></span> <span class='ocrx_word' id='word_1_792' title='bbox 754 5278 1122 5345; x_wconf 78' lang='lat' dir='ltr'><strong>conservatur,</strong></span> <span class='ocrx_word' id='word_1_793' title='bbox 1173 5282 1506 5347; x_wconf 78' lang='lat' dir='ltr'><strong>antiquitatis</strong></span> <span class='ocrx_word' id='word_1_794' title='bbox 1553 5278 1818 5334; x_wconf 87' lang='lat' dir='ltr'><strong>vetustate</strong></span> <span class='ocrx_word' id='word_1_795' title='bbox 1857 5279 1965 5346; x_wconf 89' lang='lat' dir='ltr'><strong>jaui</strong></span> <span class='ocrx_word' id='word_1_796' title='bbox 2005 5278 2159 5345; x_wconf 82' lang='lat' dir='ltr'><strong>quasi</strong></span> 
     </span>
    </p>
   </div>
   <div class='ocr_carea' id='block_1_115' title="bbox 592 5348 2152 5421">
    <p class='ocr_par' dir='ltr' id='par_1_115' title="bbox 592 5348 2152 5421">
     <span class='ocr_line' id='line_1_116' title="bbox 592 5348 2152 5421; baseline -0.001 -18"><span class='ocrx_word' id='word_1_797' title='bbox 592 5353 871 5418; x_wconf 81' lang='lat' dir='ltr'><strong>abolitum,</strong></span> <span class='ocrx_word' id='word_1_798' title='bbox 897 5355 1144 5421; x_wconf 89' lang='lat' dir='ltr'><strong>quoniam</strong></span> <span class='ocrx_word' id='word_1_799' title='bbox 1179 5350 1491 5405; x_wconf 89' lang='lat' dir='ltr'><strong>beatitudini</strong></span> <span class='ocrx_word' id='word_1_800' title='bbox 1517 5359 1707 5404; x_wconf 75' lang='lat' dir='ltr'><strong>vestra:</strong></span> <span class='ocrx_word' id='word_1_801' title='bbox 1735 5350 1868 5402; x_wconf 86' lang='lat' dir='ltr'><strong>bene</strong></span> <span class='ocrx_word' id='word_1_802' title='bbox 1899 5348 2152 5421; x_wconf 86' lang='lat' dir='ltr'><strong>placitum</strong></span> 
     </span>
    </p>
   </div>
   <div class='ocr_carea' id='block_1_116' title="bbox 593 5418 2157 5491">
    <p class='ocr_par' dir='ltr' id='par_1_116' title="bbox 593 5418 2157 5491">
     <span class='ocr_line' id='line_1_117' title="bbox 593 5418 2157 5491; baseline 0.001 -20"><span class='ocrx_word' id='word_1_803' title='bbox 593 5430 676 5472; x_wconf 84' lang='lat' dir='ltr'><strong>cst</strong></span> <span class='ocrx_word' id='word_1_804' title='bbox 723 5433 776 5476; x_wconf 91' lang='lat' dir='ltr'><strong>et</strong></span> <span class='ocrx_word' id='word_1_805' title='bbox 823 5418 1051 5491; x_wconf 76' lang='lat' dir='ltr'><strong>graium,</strong></span> <span class='ocrx_word' id='word_1_806' title='bbox 1086 5430 1368 5488; x_wconf 74' lang='lat' dir='ltr'><strong>erogatum</strong></span> <span class='ocrx_word' id='word_1_807' title='bbox 1416 5423 1534 5488; x_wconf 87' lang='lat' dir='ltr'><strong>quia</strong></span> <span class='ocrx_word' id='word_1_808' title='bbox 1571 5418 2047 5491; x_wconf 77' lang='lat' dir='ltr'><strong>pi-rnecessariiim,</strong></span> <span class='ocrx_word' id='word_1_809' title='bbox 2088 5433 2157 5472; x_wconf 88' lang='lat' dir='ltr'><strong>ne</strong></span> 
     </span>
    </p>
   </div>
   <div class='ocr_carea' id='block_1_117' title="bbox 598 5489 2155 5558">
    <p class='ocr_par' dir='ltr' id='par_1_117' title="bbox 598 5489 2155 5558">
     <span class='ocr_line' id='line_1_118' title="bbox 598 5489 2155 5558; baseline 0 -18"><span class='ocrx_word' id='word_1_810' title='bbox 598 5498 702 5543; x_wconf 89' lang='lat' dir='ltr'><strong>tam</strong></span> <span class='ocrx_word' id='word_1_811' title='bbox 728 5489 956 5547; x_wconf 57' lang='lat' dir='ltr'><strong>celebris</strong></span> <span class='ocrx_word' id='word_1_812' title='bbox 997 5505 1267 5544; x_wconf 80' lang='lat' dir='ltr'><strong>sacrorum</strong></span> <span class='ocrx_word' id='word_1_813' title='bbox 1303 5492 1578 5554; x_wconf 86' lang='lat' dir='ltr'><strong>memoria,</strong></span> <span class='ocrx_word' id='word_1_814' title='bbox 1609 5504 1727 5558; x_wconf 69' lang='lat' dir='ltr'><strong>qua:</strong></span> <span class='ocrx_word' id='word_1_815' title='bbox 1755 5489 1823 5540; x_wconf 86' lang='lat' dir='ltr'><strong>ab</strong></span> <span class='ocrx_word' id='word_1_816' title='bbox 1849 5499 2155 5541; x_wconf 89' lang='lat' dir='ltr'><strong>antecesso-</strong></span> 
     </span>
    </p>
   </div>
   <div class='ocr_carea' id='block_1_118' title="bbox 594 5560 2153 5624">
    <p class='ocr_par' dir='ltr' id='par_1_118' title="bbox 594 5560 2153 5624">
     <span class='ocr_line' id='line_1_119' title="bbox 594 5560 2153 5624; baseline -0.003 -13"><span class='ocrx_word' id='word_1_817' title='bbox 594 5560 741 5613; x_wconf 88' lang='lat' dir='ltr'><strong>ribus</strong></span> <span class='ocrx_word' id='word_1_818' title='bbox 769 5564 962 5614; x_wconf 81' lang='lat' dir='ltr'><strong>nostris</strong></span> <span class='ocrx_word' id='word_1_819' title='bbox 987 5562 1141 5614; x_wconf 84' lang='lat' dir='ltr'><strong>nobis</strong></span> <span class='ocrx_word' id='word_1_820' title='bbox 1171 5560 1449 5624; x_wconf 71' lang='lat' dir='ltr'><strong>diligenter</strong></span> <span class='ocrx_word' id='word_1_821' title='bbox 1487 5564 1806 5614; x_wconf 86' lang='lat' dir='ltr'><strong>conservata</strong></span> <span class='ocrx_word' id='word_1_822' title='bbox 1837 5566 1921 5611; x_wconf 90' lang='lat' dir='ltr'><strong>est</strong></span> <span class='ocrx_word' id='word_1_823' title='bbox 1960 5566 2014 5611; x_wconf 91' lang='lat' dir='ltr'><strong>et</strong></span> <span class='ocrx_word' id='word_1_824' title='bbox 2042 5565 2153 5610; x_wconf 82' lang='lat' dir='ltr'><strong>tra-</strong></span> 
     </span>
    </p>
   </div>
   <div class='ocr_carea' id='block_1_119' title="bbox 592 5627 2152 5708">
    <p class='ocr_par' dir='ltr' id='par_1_119' title="bbox 592 5627 2152 5708">
     <span class='ocr_line' id='line_1_120' title="bbox 592 5627 2152 5708; baseline 0.001 -31"><span class='ocrx_word' id='word_1_825' title='bbox 592 5629 727 5706; x_wconf 67' lang='lat' dir='ltr'><strong>dita,</strong></span> <span class='ocrx_word' id='word_1_826' title='bbox 761 5644 853 5708; x_wconf 76' lang='lat' dir='ltr'><strong>per</strong></span> <span class='ocrx_word' id='word_1_827' title='bbox 873 5640 1113 5708; x_wconf 63' lang='lat' dir='ltr'><strong>postram</strong></span> <span class='ocrx_word' id='word_1_828' title='bbox 1144 5630 1512 5708; x_wconf 69' lang='lat' dir='ltr'><strong>negligentiam</strong></span> <span class='ocrx_word' id='word_1_829' title='bbox 1540 5628 1767 5696; x_wconf 89' lang='lat' dir='ltr'><strong>posteris</strong></span> <span class='ocrx_word' id='word_1_830' title='bbox 1790 5629 1989 5708; x_wconf 79' lang='lat' dir='ltr'><strong>nostris</strong></span> <span class='ocrx_word' id='word_1_831' title='bbox 2013 5627 2152 5680; x_wconf 88' lang='lat' dir='ltr'><strong>obli-</strong></span> 
     </span>
    </p>
   </div>
   <div class='ocr_carea' id='block_1_120' title="bbox 596 5695 2152 5761">
    <p class='ocr_par' dir='ltr' id='par_1_120' title="bbox 596 5695 2152 5761">
     <span class='ocr_line' id='line_1_121' title="bbox 596 5695 2152 5761; baseline 0.003 -16"><span class='ocrx_word' id='word_1_832' title='bbox 596 5695 752 5749; x_wconf 81' lang='lat' dir='ltr'><strong>vionc</strong></span> <span class='ocrx_word' id='word_1_833' title='bbox 802 5695 1080 5761; x_wconf 74' lang='lat' dir='ltr'><strong>deﬂectet,</strong></span> <span class='ocrx_word' id='word_1_834' title='bbox 1134 5695 1429 5753; x_wconf 77' lang='lat' dir='ltr'><strong>sanctitatis</strong></span> <span class='ocrx_word' id='word_1_835' title='bbox 1486 5695 1676 5755; x_wconf 74' lang='lat' dir='ltr'><strong>vesnae</strong></span> <span class='ocrx_word' id='word_1_836' title='bbox 1729 5699 2043 5754; x_wconf 86' lang='lat' dir='ltr'><strong>auctoritate</strong></span> <span class='ocrx_word' id='word_1_837' title='bbox 2099 5707 2152 5751; x_wconf 87' lang='lat' dir='ltr'><strong>et</strong></span> 
     </span>
    </p>
   </div>
   <div class='ocr_carea' id='block_1_121' title="bbox 2273 4446 3838 4521">
    <p class='ocr_par' dir='ltr' id='par_1_121' title="bbox 2273 4446 3838 4521">
     <span class='ocr_line' id='line_1_122' title="bbox 2273 4446 3838 4521; baseline 0.003 -21"><span class='ocrx_word' id='word_1_838' title='bbox 2273 4448 2426 4521; x_wconf 86' lang='lat' dir='ltr'><strong>cujus</strong></span> <span class='ocrx_word' id='word_1_839' title='bbox 2457 4461 2645 4499; x_wconf 87' lang='lat' dir='ltr'><strong>manus</strong></span> <span class='ocrx_word' id='word_1_840' title='bbox 2693 4446 3017 4521; x_wconf 80' lang='lat' dir='ltr'><strong>horrendum</strong></span> <span class='ocrx_word' id='word_1_841' title='bbox 3048 4456 3147 4521; x_wconf 3' lang='lat' dir='ltr'><strong>est,</strong></span> <span class='ocrx_word' id='word_1_842' title='bbox 3176 4449 3441 4514; x_wconf 87' lang='lat' dir='ltr'><strong>incidere,</strong></span> <span class='ocrx_word' id='word_1_843' title='bbox 3477 4451 3640 4521; x_wconf 74' lang='lat'><strong>561</strong></span> <span class='ocrx_word' id='word_1_844' title='bbox 3682 4452 3838 4504; x_wconf 83' lang='lat' dir='ltr'><strong>reddi-</strong></span> 
     </span>
    </p>
   </div>
   <div class='ocr_carea' id='block_1_122' title="bbox 2276 4516 3837 4588">
    <p class='ocr_par' dir='ltr' id='par_1_122' title="bbox 2276 4516 3837 4588">
     <span class='ocr_line' id='line_1_123' title="bbox 2276 4516 3837 4588; baseline 0.003 -20"><span class='ocrx_word' id='word_1_845' title='bbox 2276 4520 2379 4570; x_wconf 92' lang='lat' dir='ltr'><strong>turi</strong></span> <span class='ocrx_word' id='word_1_846' title='bbox 2410 4530 2597 4569; x_wconf 85' lang='lat' dir='ltr'><strong>sumus</strong></span> <span class='ocrx_word' id='word_1_847' title='bbox 2638 4516 3007 4588; x_wconf 77' lang='lat' dir='ltr'><strong>proculdubio</strong></span> <span class='ocrx_word' id='word_1_848' title='bbox 3054 4520 3346 4581; x_wconf 72' lang='lat' dir='ltr'><strong>rationein;</strong></span> <span class='ocrx_word' id='word_1_849' title='bbox 3379 4516 3529 4573; x_wconf 68' lang='lat' dir='ltr'><strong>scire</strong></span> <span class='ocrx_word' id='word_1_850' title='bbox 3549 4516 3719 4588; x_wconf 52' lang='lat' dir='ltr'><strong>&#39;ciTp&#39;eo</strong></span> <span class='ocrx_word' id='word_1_851' title='bbox 3757 4535 3837 4573; x_wconf 81' lang='lat' dir='ltr'><strong>ve-</strong></span> 
     </span>
    </p>
   </div>
   <div class='ocr_carea' id='block_1_123' title="bbox 2271 4584 3839 4653">
    <p class='ocr_par' dir='ltr' id='par_1_123' title="bbox 2271 4584 3839 4653">
     <span class='ocr_line' id='line_1_124' title="bbox 2271 4584 3839 4653; baseline 0.003 -15"><span class='ocrx_word' id='word_1_852' title='bbox 2271 4596 2396 4639; x_wconf 68' lang='lat' dir='ltr'><strong>strae</strong></span> <span class='ocrx_word' id='word_1_853' title='bbox 2445 4584 2780 4653; x_wconf 87' lang='lat' dir='ltr'><strong>patertiitatis</strong></span> <span class='ocrx_word' id='word_1_854' title='bbox 2820 4586 3244 4640; x_wconf 80' lang='lat' dir='ltr'><strong>benevolentiam</strong></span> <span class='ocrx_word' id='word_1_855' title='bbox 3296 4589 3410 4641; x_wconf 86' lang='lat' dir='ltr'><strong>Deo</strong></span> <span class='ocrx_word' id='word_1_856' title='bbox 3457 4597 3518 4642; x_wconf 89' lang='lat' dir='ltr'><strong>et</strong></span> <span class='ocrx_word' id='word_1_857' title='bbox 3555 4584 3839 4643; x_wconf 44' lang='lat' dir='ltr'><strong>hominibus</strong></span> 
     </span>
    </p>
   </div>
   <div class='ocr_carea' id='block_1_124' title="bbox 2271 4655 3836 4722">
    <p class='ocr_par' dir='ltr' id='par_1_124' title="bbox 2271 4655 3836 4722">
     <span class='ocr_line' id='line_1_125' title="bbox 2271 4655 3836 4722; baseline 0.004 -15"><span class='ocrx_word' id='word_1_858' title='bbox 2271 4657 2584 4709; x_wconf 88' lang='lat' dir='ltr'><strong>meritorum</strong></span> <span class='ocrx_word' id='word_1_859' title='bbox 2634 4655 2964 4722; x_wconf 89' lang='lat' dir='ltr'><strong>plenitudine</strong></span> <span class='ocrx_word' id='word_1_860' title='bbox 3010 4665 3064 4709; x_wconf 90' lang='lat' dir='ltr'><strong>et</strong></span> <span class='ocrx_word' id='word_1_861' title='bbox 3106 4657 3419 4711; x_wconf 67' lang='lat' dir='ltr'><strong>sinceritate</strong></span> <span class='ocrx_word' id='word_1_862' title='bbox 3472 4660 3836 4722; x_wconf 49' lang='lat' dir='ltr'><strong>rent-endam,</strong></span> 
     </span>
    </p>
   </div>
   <div class='ocr_carea' id='block_1_125' title="bbox 2268 4725 3833 4796">
    <p class='ocr_par' dir='ltr' id='par_1_125' title="bbox 2268 4725 3833 4796">
     <span class='ocr_line' id='line_1_126' title="bbox 2268 4725 3833 4796; baseline 0.002 -19"><span class='ocrx_word' id='word_1_863' title='bbox 2268 4739 2429 4793; x_wconf 88' lang='lat' dir='ltr'><strong>atque</strong></span> <span class='ocrx_word' id='word_1_864' title='bbox 2458 4726 2735 4796; x_wconf 80' lang='lat' dir='ltr'><strong>universos</strong></span> <span class='ocrx_word' id='word_1_865' title='bbox 2766 4726 2853 4791; x_wconf 92' lang='lat' dir='ltr'><strong>qui</strong></span> <span class='ocrx_word' id='word_1_866' title='bbox 2886 4725 3041 4792; x_wconf 83' lang='lat' dir='ltr'><strong>liujus</strong></span> <span class='ocrx_word' id='word_1_867' title='bbox 3070 4725 3232 4779; x_wconf 82' lang='lat' dir='ltr'><strong>libelli</strong></span> <span class='ocrx_word' id='word_1_868' title='bbox 3266 4728 3531 4780; x_wconf 71' lang='lat' dir='ltr'><strong>tut‘tnOria</strong></span> <span class='ocrx_word' id='word_1_869' title='bbox 3576 4730 3833 4796; x_wconf 83' lang='lat' dir='ltr'><strong>gaudent,</strong></span> 
     </span>
    </p>
   </div>
   <div class='ocr_carea' id='block_1_126' title="bbox 2268 4794 3834 4865">
    <p class='ocr_par' dir='ltr' id='par_1_126' title="bbox 2268 4794 3834 4865">
     <span class='ocr_line' id='line_1_127' title="bbox 2268 4794 3834 4865; baseline 0.002 -17"><span class='ocrx_word' id='word_1_870' title='bbox 2268 4811 2355 4849; x_wconf 89' lang='lat' dir='ltr'><strong>tne</strong></span> <span class='ocrx_word' id='word_1_871' title='bbox 2386 4794 2685 4865; x_wconf 71' lang='lat' dir='ltr'><strong>nullatenus</strong></span> <span class='ocrx_word' id='word_1_872' title='bbox 2712 4796 3107 4865; x_wconf 74' lang='lat' dir='ltr'><strong>supchtitionis</strong></span> <span class='ocrx_word' id='word_1_873' title='bbox 3141 4809 3303 4865; x_wconf 55' lang='lat' dir='ltr'><strong>causa</strong></span> <span class='ocrx_word' id='word_1_874' title='bbox 3330 4796 3549 4865; x_wconf 84' lang='lat' dir='ltr'><strong>aliquas</strong></span> <span class='ocrx_word' id='word_1_875' title='bbox 3582 4794 3834 4851; x_wconf 71' lang='lat' dir='ltr'><strong>novitates</strong></span> 
     </span>
    </p>
   </div>
   <div class='ocr_carea' id='block_1_127' title="bbox 2269 4864 3834 4934">
    <p class='ocr_par' dir='ltr' id='par_1_127' title="bbox 2269 4864 3834 4934">
     <span class='ocr_line' id='line_1_128' title="bbox 2269 4864 3834 4934; baseline 0.003 -19"><span class='ocrx_word' id='word_1_876' title='bbox 2269 4864 2702 4932; x_wconf 66' lang='lat' dir='ltr'><strong>praesumptionis</strong></span> <span class='ocrx_word' id='word_1_877' title='bbox 2750 4864 3009 4931; x_wconf 85' lang='lat' dir='ltr'><strong>inserere,</strong></span> <span class='ocrx_word' id='word_1_878' title='bbox 3060 4864 3152 4917; x_wconf 72' lang='grc' dir='ltr'><strong>ενα</strong></span> <span class='ocrx_word' id='word_1_879' title='bbox 3205 4864 3529 4932; x_wconf 83' lang='lat' dir='ltr'><strong>simpliciter</strong></span> <span class='ocrx_word' id='word_1_880' title='bbox 3575 4869 3834 4934; x_wconf 72' lang='lat' dir='ltr'><strong>antiquam</strong></span> 
     </span>
    </p>
   </div>
   <div class='ocr_carea' id='block_1_128' title="bbox 2266 4934 3833 5003">
    <p class='ocr_par' dir='ltr' id='par_1_128' title="bbox 2266 4934 3833 5003">
     <span class='ocr_line' id='line_1_129' title="bbox 2266 4934 3833 5003; baseline 0.001 -18"><span class='ocrx_word' id='word_1_881' title='bbox 2266 4934 2463 4989; x_wconf 69' lang='lat' dir='ltr'><strong>seriem</strong></span> <span class='ocrx_word' id='word_1_882' title='bbox 2494 4934 2774 4988; x_wconf 66' lang='lat' dir='ltr'><strong>scribendo</strong></span> <span class='ocrx_word' id='word_1_883' title='bbox 2803 4948 3146 4993; x_wconf 59' lang='lat' dir='ltr'><strong>ciinservans.</strong></span> <span class='ocrx_word' id='word_1_884' title='bbox 3181 4937 3224 4985; x_wconf 91' lang='lat' dir='ltr'><strong>si</strong></span> <span class='ocrx_word' id='word_1_885' title='bbox 3249 4949 3351 5002; x_wconf 87' lang='lat' dir='ltr'><strong>qua</strong></span> <span class='ocrx_word' id='word_1_886' title='bbox 3385 4934 3491 4987; x_wconf 87' lang='lat' dir='ltr'><strong>alia</strong></span> <span class='ocrx_word' id='word_1_887' title='bbox 3517 4939 3833 5003; x_wconf 71' lang='lat' dir='ltr'><strong>superadilu.</strong></span> 
     </span>
    </p>
   </div>
   <div class='ocr_carea' id='block_1_129' title="bbox 2265 5003 3835 5072">
    <p class='ocr_par' dir='ltr' id='par_1_129' title="bbox 2265 5003 3835 5072">
     <span class='ocr_line' id='line_1_130' title="bbox 2265 5003 3835 5072; baseline 0 -16"><span class='ocrx_word' id='word_1_888' title='bbox 2265 5003 2355 5056; x_wconf 91' lang='lat' dir='ltr'><strong>illa</strong></span> <span class='ocrx_word' id='word_1_889' title='bbox 2387 5013 2512 5057; x_wconf 92' lang='lat' dir='ltr'><strong>sunt</strong></span> <span class='ocrx_word' id='word_1_890' title='bbox 2542 5004 2721 5070; x_wconf 91' lang='lat' dir='ltr'><strong>procul</strong></span> <span class='ocrx_word' id='word_1_891' title='bbox 2758 5004 2921 5058; x_wconf 89' lang='lat' dir='ltr'><strong>dubio</strong></span> <span class='ocrx_word' id='word_1_892' title='bbox 2949 5018 3068 5071; x_wconf 71' lang='lat' dir='ltr'><strong>quae</strong></span> <span class='ocrx_word' id='word_1_893' title='bbox 3095 5005 3173 5056; x_wconf 82' lang='lat' dir='ltr'><strong>vel</strong></span> <span class='ocrx_word' id='word_1_894' title='bbox 3206 5004 3318 5069; x_wconf 78' lang='lat' dir='ltr'><strong>ipse</strong></span> <span class='ocrx_word' id='word_1_895' title='bbox 3339 5004 3450 5069; x_wconf 89' lang='lat' dir='ltr'><strong>jam</strong></span> <span class='ocrx_word' id='word_1_896' title='bbox 3490 5022 3587 5069; x_wconf 87' lang='lat' dir='ltr'><strong>per</strong></span> <span class='ocrx_word' id='word_1_897' title='bbox 3618 5008 3835 5072; x_wconf 76' lang='lat' dir='ltr'><strong>quinque</strong></span> 
     </span>
    </p>
   </div>
   <div class='ocr_carea' id='block_1_130' title="bbox 2264 5072 3835 5137">
    <p class='ocr_par' dir='ltr' id='par_1_130' title="bbox 2264 5072 3835 5137">
     <span class='ocr_line' id='line_1_131' title="bbox 2264 5072 3835 5137; baseline 0.001 -11"><span class='ocrx_word' id='word_1_898' title='bbox 2264 5074 2560 5128; x_wconf 88' lang='lat' dir='ltr'><strong>lustrorum</strong></span> <span class='ocrx_word' id='word_1_899' title='bbox 2592 5073 2782 5137; x_wconf 89' lang='lat' dir='ltr'><strong>spatia,</strong></span> <span class='ocrx_word' id='word_1_900' title='bbox 2814 5072 2866 5125; x_wconf 92' lang='lat' dir='ltr'><strong>in</strong></span> <span class='ocrx_word' id='word_1_901' title='bbox 2906 5074 3007 5126; x_wconf 90' lang='lat' dir='ltr'><strong>bac</strong></span> <span class='ocrx_word' id='word_1_902' title='bbox 3032 5085 3371 5125; x_wconf 85' lang='lat' dir='ltr'><strong>sacrosancta</strong></span> <span class='ocrx_word' id='word_1_903' title='bbox 3428 5074 3657 5126; x_wconf 70' lang='lat' dir='ltr'><strong>basilica</strong></span> <span class='ocrx_word' id='word_1_904' title='bbox 3692 5075 3743 5127; x_wconf 85' lang='lat' dir='ltr'><strong>iu</strong></span> <span class='ocrx_word' id='word_1_905' title='bbox 3767 5091 3835 5127; x_wconf 73' lang='lat' dir='ltr'><strong>ca-</strong></span> 
     </span>
    </p>
   </div>
   <div class='ocr_carea' id='block_1_131' title="bbox 2263 5141 3836 5211">
    <p class='ocr_par' dir='ltr' id='par_1_131' title="bbox 2263 5141 3836 5211">
     <span class='ocr_line' id='line_1_132' title="bbox 2263 5141 3836 5211; baseline -0.001 -14"><span class='ocrx_word' id='word_1_906' title='bbox 2263 5143 2496 5197; x_wconf 89' lang='lat' dir='ltr'><strong>nonicali</strong></span> <span class='ocrx_word' id='word_1_907' title='bbox 2524 5142 2799 5211; x_wconf 86' lang='lat' dir='ltr'><strong>proposito</strong></span> <span class='ocrx_word' id='word_1_908' title='bbox 2821 5141 3025 5204; x_wconf 86' lang='lat' dir='ltr'><strong>vivens,</strong></span> <span class='ocrx_word' id='word_1_909' title='bbox 3055 5144 3222 5195; x_wconf 88' lang='lat' dir='ltr'><strong>oculis</strong></span> <span class='ocrx_word' id='word_1_910' title='bbox 3250 5143 3481 5209; x_wconf 80' lang='lat' dir='ltr'><strong>propriis</strong></span> <span class='ocrx_word' id='word_1_911' title='bbox 3514 5146 3648 5207; x_wconf 83' lang='lat' dir='ltr'><strong>v.di,</strong></span> <span class='ocrx_word' id='word_1_912' title='bbox 3679 5146 3762 5197; x_wconf 78' lang='lat' dir='ltr'><strong>vel</strong></span> <span class='ocrx_word' id='word_1_913' title='bbox 3781 5146 3836 5195; x_wconf 80' lang='lat' dir='ltr'><strong>ab</strong></span> 
     </span>
    </p>
   </div>
   <div class='ocr_carea' id='block_1_132' title="bbox 2263 5211 3834 5280">
    <p class='ocr_par' dir='ltr' id='par_1_132' title="bbox 2263 5211 3834 5280">
     <span class='ocr_line' id='line_1_133' title="bbox 2263 5211 3834 5280; baseline -0.003 -15"><span class='ocrx_word' id='word_1_914' title='bbox 2263 5212 2693 5267; x_wconf 85' lang='lat' dir='ltr'><strong>antecessoribus</strong></span> <span class='ocrx_word' id='word_1_915' title='bbox 2724 5213 2924 5265; x_wconf 87' lang='lat' dir='ltr'><strong>nostris</strong></span> <span class='ocrx_word' id='word_1_916' title='bbox 2955 5211 3182 5266; x_wconf 81' lang='lat' dir='ltr'><strong>veridica</strong></span> <span class='ocrx_word' id='word_1_917' title='bbox 3211 5213 3476 5264; x_wconf 85' lang='lat' dir='ltr'><strong>relatione</strong></span> <span class='ocrx_word' id='word_1_918' title='bbox 3507 5216 3762 5280; x_wconf 80' lang='lat' dir='ltr'><strong>cognovi,</strong></span> <span class='ocrx_word' id='word_1_919' title='bbox 3783 5230 3834 5273; x_wconf 70' lang='lat' dir='ltr'><strong>ea</strong></span> 
     </span>
    </p>
   </div>
   <div class='ocr_carea' id='block_1_133' title="bbox 2263 5281 3834 5349">
    <p class='ocr_par' dir='ltr' id='par_1_133' title="bbox 2263 5281 3834 5349">
     <span class='ocr_line' id='line_1_134' title="bbox 2263 5281 3834 5349; baseline 0 -16"><span class='ocrx_word' id='word_1_920' title='bbox 2263 5284 2471 5335; x_wconf 80' lang='lat' dir='ltr'><strong>scilicet</strong></span> <span class='ocrx_word' id='word_1_921' title='bbox 2498 5296 2615 5349; x_wconf 70' lang='lat' dir='ltr'><strong>quae</strong></span> <span class='ocrx_word' id='word_1_922' title='bbox 2662 5290 2787 5334; x_wconf 86' lang='lat' dir='ltr'><strong>sunt</strong></span> <span class='ocrx_word' id='word_1_923' title='bbox 2812 5281 2879 5333; x_wconf 86' lang='lat' dir='ltr'><strong>de</strong></span> <span class='ocrx_word' id='word_1_924' title='bbox 2925 5282 3274 5334; x_wconf 86' lang='lat' dir='ltr'><strong>translatione</strong></span> <span class='ocrx_word' id='word_1_925' title='bbox 3305 5292 3623 5334; x_wconf 84' lang='lat' dir='ltr'><strong>sanctorum</strong></span> <span class='ocrx_word' id='word_1_926' title='bbox 3678 5282 3834 5349; x_wconf 74' lang='lat' dir='ltr'><strong>Chry-</strong></span> 
     </span>
    </p>
   </div>
   <div class='ocr_carea' id='block_1_134' title="bbox 2260 5350 3832 5415">
    <p class='ocr_par' dir='ltr' id='par_1_134' title="bbox 2260 5350 3832 5415">
     <span class='ocr_line' id='line_1_135' title="bbox 2260 5350 3832 5415; baseline 0.001 -12"><span class='ocrx_word' id='word_1_927' title='bbox 2260 5353 2437 5405; x_wconf 85' lang='lat' dir='ltr'><strong>santlii</strong></span> <span class='ocrx_word' id='word_1_928' title='bbox 2465 5362 2516 5405; x_wconf 90' lang='lat' dir='ltr'><strong>et</strong></span> <span class='ocrx_word' id='word_1_929' title='bbox 2544 5351 2732 5415; x_wconf 74' lang='lat' dir='ltr'><strong>Bariie,</strong></span> <span class='ocrx_word' id='word_1_930' title='bbox 2762 5365 2854 5405; x_wconf 86' lang='lat' dir='ltr'><strong>seu</strong></span> <span class='ocrx_word' id='word_1_931' title='bbox 2879 5350 2945 5404; x_wconf 89' lang='lat' dir='ltr'><strong>de</strong></span> <span class='ocrx_word' id='word_1_932' title='bbox 2973 5351 3279 5404; x_wconf 89' lang='lat' dir='ltr'><strong>inventione</strong></span> <span class='ocrx_word' id='word_1_933' title='bbox 3299 5359 3613 5404; x_wconf 71' lang='lat' dir='ltr'><strong>sanitsrurn</strong></span> <span class='ocrx_word' id='word_1_934' title='bbox 3641 5350 3832 5404; x_wconf 72' lang='lat' dir='ltr'><strong>Bauli:</strong></span> 
     </span>
    </p>
   </div>
   <div class='ocr_carea' id='block_1_135' title="bbox 2259 5420 3827 5489">
    <p class='ocr_par' dir='ltr' id='par_1_135' title="bbox 2259 5420 3827 5489">
     <span class='ocr_line' id='line_1_136' title="bbox 2259 5420 3827 5489; baseline 0 -14"><span class='ocrx_word' id='word_1_935' title='bbox 2259 5431 2313 5475; x_wconf 89' lang='lat' dir='ltr'><strong>et</strong></span> <span class='ocrx_word' id='word_1_936' title='bbox 2359 5421 2641 5481; x_wconf 63' lang='lat' dir='ltr'><strong>Secundae,</strong></span> <span class='ocrx_word' id='word_1_937' title='bbox 2671 5432 2831 5487; x_wconf 88' lang='lat' dir='ltr'><strong>atque</strong></span> <span class='ocrx_word' id='word_1_938' title='bbox 2875 5430 3180 5474; x_wconf 87' lang='lat' dir='ltr'><strong>sanctorum</strong></span> <span class='ocrx_word' id='word_1_939' title='bbox 3212 5421 3462 5489; x_wconf 77' lang='lat' dir='ltr'><strong>Cypriani</strong></span> <span class='ocrx_word' id='word_1_940' title='bbox 3494 5428 3551 5473; x_wconf 89' lang='lat' dir='ltr'><strong>et</strong></span> <span class='ocrx_word' id='word_1_941' title='bbox 3579 5420 3827 5477; x_wconf 69' lang='lat' dir='ltr'><strong>Justint.</strong></span> 
     </span>
    </p>
   </div>
   <div class='ocr_carea' id='block_1_136' title="bbox 2258 5488 3829 5557">
    <p class='ocr_par' dir='ltr' id='par_1_136' title="bbox 2258 5488 3829 5557">
     <span class='ocr_line' id='line_1_137' title="bbox 2258 5488 3829 5557; baseline 0.001 -16"><span class='ocrx_word' id='word_1_942' title='bbox 2258 5491 2342 5544; x_wconf 83' lang='lat' dir='ltr'><strong>vel</strong></span> <span class='ocrx_word' id='word_1_943' title='bbox 2374 5492 2535 5546; x_wconf 87' lang='lat' dir='ltr'><strong>etiam</strong></span> <span class='ocrx_word' id='word_1_944' title='bbox 2564 5505 2684 5557; x_wconf 69' lang='lat' dir='ltr'><strong>qua:</strong></span> <span class='ocrx_word' id='word_1_945' title='bbox 2727 5491 2795 5544; x_wconf 87' lang='lat' dir='ltr'><strong>de</strong></span> <span class='ocrx_word' id='word_1_946' title='bbox 2838 5490 3073 5546; x_wconf 87' lang='lat' dir='ltr'><strong>historiis</strong></span> <span class='ocrx_word' id='word_1_947' title='bbox 3101 5501 3155 5544; x_wconf 90' lang='lat' dir='ltr'><strong>et</strong></span> <span class='ocrx_word' id='word_1_948' title='bbox 3184 5488 3594 5543; x_wconf 81' lang='lat' dir='ltr'><strong>anetoritatihus</strong></span> <span class='ocrx_word' id='word_1_949' title='bbox 3628 5501 3829 5542; x_wconf 77' lang='lat' dir='ltr'><strong>saneto-</strong></span> 
     </span>
    </p>
   </div>
   <div class='ocr_carea' id='block_1_137' title="bbox 2257 5558 3827 5627">
    <p class='ocr_par' dir='ltr' id='par_1_137' title="bbox 2257 5558 3827 5627">
     <span class='ocr_line' id='line_1_138' title="bbox 2257 5558 3827 5627; baseline -0.003 -14"><span class='ocrx_word' id='word_1_950' title='bbox 2257 5574 2377 5614; x_wconf 88' lang='lat' dir='ltr'><strong>ruin</strong></span> <span class='ocrx_word' id='word_1_951' title='bbox 2427 5560 2496 5613; x_wconf 90' lang='lat' dir='ltr'><strong>ad</strong></span> <span class='ocrx_word' id='word_1_952' title='bbox 2529 5559 2889 5626; x_wconf 85' lang='lat' dir='ltr'><strong>repellendam</strong></span> <span class='ocrx_word' id='word_1_953' title='bbox 2938 5559 3298 5627; x_wconf 86' lang='lat' dir='ltr'><strong>ambiguitatis</strong></span> <span class='ocrx_word' id='word_1_954' title='bbox 3346 5558 3666 5627; x_wconf 85' lang='lat' dir='ltr'><strong>opinionem</strong></span> <span class='ocrx_word' id='word_1_955' title='bbox 3712 5574 3827 5625; x_wconf 58' lang='lat' dir='ltr'><strong>qum</strong></span> 
     </span>
    </p>
   </div>
   <div class='ocr_carea' id='block_1_138' title="bbox 2256 5627 3826 5688">
    <p class='ocr_par' dir='ltr' id='par_1_138' title="bbox 2256 5627 3826 5688">
     <span class='ocr_line' id='line_1_139' title="bbox 2256 5627 3826 5688; baseline -0.007 -5"><span class='ocrx_word' id='word_1_956' title='bbox 2256 5630 2501 5684; x_wconf 88' lang='lat' dir='ltr'><strong>rutudam</strong></span> <span class='ocrx_word' id='word_1_957' title='bbox 2532 5631 2601 5682; x_wconf 88' lang='lat' dir='ltr'><strong>de</strong></span> <span class='ocrx_word' id='word_1_958' title='bbox 2654 5629 3005 5683; x_wconf 87' lang='lat' dir='ltr'><strong>absconsione</strong></span> <span class='ocrx_word' id='word_1_959' title='bbox 3034 5628 3361 5682; x_wconf 85' lang='lat' dir='ltr'><strong>tabernaculi</strong></span> <span class='ocrx_word' id='word_1_960' title='bbox 3392 5638 3447 5681; x_wconf 88' lang='lat' dir='ltr'><strong>et</strong></span> <span class='ocrx_word' id='word_1_961' title='bbox 3474 5642 3644 5688; x_wconf 64' lang='lat' dir='ltr'><strong>arce,</strong></span> <span class='ocrx_word' id='word_1_962' title='bbox 3675 5639 3730 5681; x_wconf 81' lang='lat' dir='ltr'><strong>et</strong></span> <span class='ocrx_word' id='word_1_963' title='bbox 3754 5627 3826 5675; x_wconf 77' lang='lat' dir='ltr'><strong>ais</strong></span> 
     </span>
    </p>
   </div>
   <div class='ocr_carea' id='block_1_139' title="bbox 2258 5697 3824 5767">
    <p class='ocr_par' dir='ltr' id='par_1_139' title="bbox 2258 5697 3824 5767">
     <span class='ocr_line' id='line_1_140' title="bbox 2258 5697 3824 5767; baseline 0 -15"><span class='ocrx_word' id='word_1_964' title='bbox 2258 5714 2377 5767; x_wconf 73' lang='lat' dir='ltr'><strong>qua:</strong></span> <span class='ocrx_word' id='word_1_965' title='bbox 2423 5698 2841 5757; x_wconf 83' lang='lat' dir='ltr'><strong>continebantur</strong></span> <span class='ocrx_word' id='word_1_966' title='bbox 2878 5699 2929 5754; x_wconf 91' lang='lat' dir='ltr'><strong>in</strong></span> <span class='ocrx_word' id='word_1_967' title='bbox 2980 5713 3063 5767; x_wconf 86' lang='lat' dir='ltr'><strong>ea,</strong></span> <span class='ocrx_word' id='word_1_968' title='bbox 3097 5698 3181 5754; x_wconf 82' lang='lat' dir='ltr'><strong>vel</strong></span> <span class='ocrx_word' id='word_1_969' title='bbox 3210 5698 3391 5754; x_wconf 36' lang='lat' dir='ltr'><strong>altaris</strong></span> <span class='ocrx_word' id='word_1_970' title='bbox 3429 5697 3668 5754; x_wconf 78' lang='lat' dir='ltr'><strong>incensi.</strong></span> <span class='ocrx_word' id='word_1_971' title='bbox 3709 5700 3824 5760; x_wconf 67' lang='lat' dir='ltr'><strong>Qui</strong></span> 
     </span>
    </p>
   </div>
  </div>
