3990 6358
256 325 385 381 i381

1128 320 1222 377 AD
1259 312 1592 378 LiUELLUS
1631 321 1903 377 OﬂDlNIS
1947 320 2207 377 ROMANI
2251 322 2612 379 APPENDIX.

3352 333 3491 389 138‘]

246 435 497 491 nimirum
531 443 581 508 ut
606 433 813 508 liquido
835 434 1153 499 clarescant,
1181 443 1233 487 et
1263 435 1815 508 historiographorum
1846 439 1895 495 Α
1924 449 2113 500 porum
2153 450 2207 508 ag
2224 436 2504 490 catholicis
2532 438 2633 503 legi
2681 449 3082 508 commemorat,
3116 442 3360 506 prmfatus
3387 450 3489 502 im.

248 508 462 558 ttnttiina
489 514 538 555 et
565 505 747 567 libros,
774 513 827 557 et
858 515 1119 570 tempora,
1145 518 1242 558 seu
1270 503 1548 557 doctorum
1574 506 1813 562 nomina.

247 576 334 627 vel
383 574 649 655 volumina
699 574 1030 628 inanilestius
1073 573 1126 627 iu
1159 575 1506 642 sequentibus
1548 573 1822 629 declarare

242 652 457 705 curavi,
490 652 596 695 etc.

410 747 457 785 IN
487 745 682 785 NOII‘NE
721 746 935 787 SANCT£
964 748 1028 786 ΕΤ
1056 748 1335 787 ικῡιισιιιῠιε
1365 748 1679 787 τιιιιιιιτιιτις.

314 819 504 889 Incipit.
551 823 808 889 seriptum
856 823 923 877 de
970 839 1231 892 supremae
1272 825 1575 879 sanctuario
1624 838 1823 879 saneta:

246 890 341 962 Dei
379 892 732 962 Romande
763 902 844 945 est
871 890 1265 957 Lateranensis,
1302 895 1575 960 Ecclesiae,
1608 909 1823 962 compo-

243 961 404 1012 situm
435 961 501 1013 de
528 961 764 1013 archivis
789 970 845 1014 et
868 964 1097 1029 antiquis
1123 963 1427 1027 pontificum
1456 964 1821 1017 Romanorum

243 1031 431 1099 gestis,
477 1044 597 1097 quae
646 1029 892 1084 videlicet
921 1032 1143 1085 ecclesia
1171 1032 1541 1099 patriarclialis
1573 1041 1627 1085 et
1656 1033 1826 1097 impe-

245 1098 395 1169 rialis
421 1099 697 1169 privilegio
728 1100 1169 1169 acipraarogativa
1198 1110 1399 1155 sanctae
1438 1102 1581 1155 sedis
1612 1112 1825 1169 aposto-

244 1166 383 1231 lica,
409 1166 550 1238 dono
579 1168 762 1234 gratiae
794 1168 887 1221 Dei
934 1166 1224 1238 Salvatnris
1267 1169 1394 1222 Jesu
1429 1172 1631 1223 Christi
1648 1166 1825 1238 super

246 1250 439 1290 omnes
471 1236 739 1290 Eet-lesias
771 1238 929 1289 totius
959 1236 1104 1291 orbis
1128 1246 1387 1291 terrarum
1421 1240 1625 1291 obtinet
1650 1236 1823 1291 domi-

245 1307 514 1359 nationem
539 1316 697 1374 atque
729 1307 1096 1373 principatum,
1129 1322 1248 1374 quze
1294 1310 1451 1359 etiam
1491 1309 1672 1361 divino
1695 1310 1822 1359 nutu

246 1376 525 1498 apostolici
548 1375 796 1430 culminis
814 1386 865 1431 et
890 1374 1110 1430 Romani
1139 1377 1343 1445 imperii
1371 1391 1562 1430 nomen
1587 1377 1827 1444 possidet

246 1459 277 1498 ιι
303 1459 556 1498 oriosuni.

303 1459 556 1499 OHOSUIII.

240 1459 660 1583 gml‘ll'iogiigiiiam
694 1521 834 1568 totus
870 1516 1015 1569 orbis
1067 1524 1325 1568 terrarum
1374 1514 1496 1569 huic
1538 1515 1692 1567 matri
1729 1515 1825 1567 Ec-

240 1584 420 1637 clesia:
445 1584 638 1637 debitm
666 1583 1279 1650 subjectioniscxhibere
1306 1583 1459 1638 debet
1489 1585 1824 1653 obsequium,

244 1653 398 1707 multi
449 1668 512 1706 ex
559 1653 787 1705 diversis
834 1655 1143 1721 regionibus
1194 1654 1277 1707 hic
1321 1656 1642 1707 conveniunt
1698 1668 1824 1706 ora-

247 1734 413 1782 tores,
458 1722 650 1790 quibus
699 1724 1061 1776 nescientibus
1107 1734 1358 1790 quantum
1410 1730 1463 1775 et
1514 1738 1669 1789 quam
1706 1738 1825 1789 pre-

240 1787 589 1843 tiosissimum
636 1791 686 1843 in
749 1793 845 1845 hac
894 1787 1144 1860 prmdicta
1178 1792 1414 1844 Ecclesia
1462 1787 1824 1845 sanctuarium
1860 1787 1904 1846 Β

236 1860 343 1914 Dei
367 1861 434 1913 sit
455 1860 805 1921 reconditum,
828 1875 923 1927 per
944 1862 1159 1914 ismrum
1190 1861 1597 1914 insinuationem
1622 1862 1824 1914 littera-

244 1944 365 1983 rum
395 1930 634 1981 volumus
666 1942 785 1982 eSse
814 1938 1080 1999 notatum,
1121 1932 1308 1983 saltem
1342 1931 1553 1999 quando
1582 1931 1668 1983 hic
1696 1946 1825 1983 con-

244 2000 467 2051 veniunt
518 1999 581 2049 ad
635 1998 960 2052 exorandum
1014 2000 1175 2053 Deum
1245 1998 1369 2052 Dei’
1404 2000 1593 2053 Filium
1645 1999 1827 2052 Jesuin

244 2066 518 2121 Christum
551 2067 831 2120 Dominum
859 2076 1098 2122 nostrum
1145 2068 1479 2123 Salvatorem
1521 2084 1826 2122 saneturuin

247 2152 347 2203 pro
379 2150 507 2205 pace
538 2146 736 2205 sanctae
769 2137 1045 2203 Ecclesia},
1096 2153 1191 2205 pro
1236 2139 1552 2192 remissione
1595 2138 1827 2191 omnium

246 2202 645 2278 peccatorumf
662 2221 757 2274 pro
794 2202 1116 2271 acquirenda
1161 2207 1326 2278 gloria
1358 2217 1574 2261 mterna:
1607 2209 1829 2260 visionis

250 2276 364 2355 Dei,
392 2291 485 2341 pro
533 2276 787 2330 societate
830 2276 1386 2331 mternorum‘civium
1426 2289 1479 2332 et
1528 2289 1829 2331 sanctarum

227 2357 568 2401 .auimaruin.

321 2414 481 2482 Igitur
521 2423 639 2480 post
682 2416 888 2468 beatam
938 2429 1001 2468 ac
1043 2415 1371 2470 salutiferam
1404 2414 1617 2470 Domini
1662 2419 1827 2471 nostri

244 2482 376 2536 Jesu
407 2484 602 2536 Christi
635 2486 954 2556 ῃςιεείοιιθιῐι,
976 2495 1029 2539 et
1051 2486 1117 2539 ab
1142 2486 1323 2539 inferis
1344 2486 1629 2554 gloriosam
1666 2489 1831 2556 ipsius

245 2558 721 2620 resurrectionem,
776 2569 868 2609 seu
907 2555 959 2608 in
988 2558 1182 2609 caelum
1231 2556 1593 2609 admirabilem
1641 2572 1831 2610 ascen-

246 2623 480 2692 sionem,
518 2636 763 2689 percepta
793 2624 1158 2678 consolatione
1180 2625 1545 2692 gloriosissimi
1575 2628 1831 2679 adventus

246 2691 481 2762 Spiritus
507 2696 699 2756 sancti,
733 2694 784 2746 in
829 2704 1025 2747 sortem
1062 2709 1173 2747 sua:
1194 2691 1585 2762 praedicatiunis
1606 2696 1831 2760 apostoli

244 2761 356 2832 iter
381 2776 534 2832 suum
566 2763 896 2832 direxerunt,
941 2771 995 2816 et
1042 2761 1393 2832 dispositione
1426 2764 1705 2832 inefl‘abilis
1736 2766 1835 2818 ini-

246 2830 558 2901 sericordim
583 2831 673 2885 Dei
698 2833 845 2901 regni
866 2833 1100 2887 caelestis
1122 2830 1398 2888 senatores
1418 2834 1617 2898 eximii,
1640 2831 1833 2888 Petrus

244 2899 457 2969 scilicet
479 2911 532 2954 et
554 2899 780 2969 Paulus,
802 2913 958 2969 caput
989 2903 1150 2956 mlius
1180 2904 1343 2967 orbis,
1370 2904 1506 2955 hanc
1538 2903 1830 2956 Romanam

246 2967 503 3042 videlicet
531 2967 823 3042 civitatem,
851 2967 1075 3042 ingressi
1102 2982 1247 3038 sont,
1275 2973 1325 3025 in
1354 2986 1459 3039 qua
1480 2974 1545 3025 ad
1576 2975 1830 3027 honorem

247 3038 463 3092 Domini
495 3043 660 3095 nostri
682 3041 806 3095 Jesu
838 3038 1036 3095 Christi
1061 3043 1336 3096 catholicm
1362 3038 1483 3095 fidei
1517 3042 1833 3095 fundamen-

246 3117 365 3160 tum
397 3123 557 3178 super
578 3111 808 3175 Petram,
846 3111 895 3164 id
920 3123 998 3165 est
1032 3110 1324 3175 Christum,
1350 3110 1573 3165 fideliter
1595 3112 1830 3165 colloca-

246 3186 413 3242 runt;
462 3194 555 3246 plO
598 3180 748 3247 cujus
787 3180 1156 3234 mdilicatiouis
1186 3182 1515 3235 incremento
1543 3196 1712 3249 usque
1763 3182 1827 3234 ad

245 3260 477 3319 mortem
508 3249 869 3315 deccrtarunt,
894 3265 988 3319 pro
1014 3266 1077 3304 cu
1086 3252 1166 3316 ius
1188 3265 1369 3304 amore
1393 3252 1683 3316 gloriosum
1708 3265 1830 3305 Sano

246 3317 467 3383 guinem
500 3332 653 3373 suum
685 3317 986 3374 efl‘udeiuut
1024 3322 1089 3373 ad
1118 3320 1346 3388 denique
1387 3331 1609 3373 mortem
1634 3321 1830 3385 crucis,

246 3395 309 3464 et
336 3388 493 3470 g'!adii
543 3392 886 3468 temporalem
939 3390 1246 3470 subeuntes,
1292 3390 1452 3469 Regis
1478 3391 1696 3470 superni
1742 3407 1834 3441 cu-

244 3456 393 3527 riam
420 3459 646 3527 laureati
679 3461 965 3527 petierunt.
999 3459 1090 3511 Isti
1120 3467 1241 3512 sunt
1270 3459 1366 3511 viri
1384 3456 1563 3512 sancti
1606 3473 1831 3527 quorum

242 3524 497 3597 doctrina
537 3525 696 3592 fulget
728 3526 987 3597 Ecclesia,
1013 3528 1169 3597 562
1194 3542 1350 3596 quam
1387 3524 1637 3595 antiquus
1665 3529 1833 3582 hostis

244 3608 353 3662 per
381 3593 645 3648 Neronem
681 3598 926 3660 primum,
957 3593 1169 3648 deinde—
1195 3593 1286 3662 per
1312 3593 1658 3651 succedentes
1692 3613 1837 3664 prin-

242 3663 401 3731 cipes
433 3678 526 3730 per
553 3672 817 3717 trecentos
863 3679 1032 3716 annos
1062 3673 1205 3717 eteo
1242 3666 1469 3732 amplius
1512 3663 1838 3733 impugnavit

246 3735 635 3795 etcuncussit,
687 3736 780 3786 sed
836 3733 1135 3787 nullatenus
1187 3742 1429 3787 evertere
1471 3736 1652 3786 valuit.
1703 3734 1835 3786 Cum

251 3805 401 3856 enim
435 3804 635 3869 placuit
664 3802 712 3855 ei
738 3803 827 3872 qui
873 3803 1056 3856 fideles
1086 3816 1211 3857 suos
1260 3804 1380 3869 igne
1420 3803 1679 3870 paSSit'DIS
1710 3817 1835 3869 per-

251 3873 405 3927 misit
436 3872 749 3935 examinari,
802 3872 1183 3926 Constantinus
1225 3873 1511 3937 Augustus,
1543 3872 1837 3925 Consta..t.i

254 3951 311 3995 et
342 3941 553 3995 llelenae
585 3942 744 4007 filius,
775 3941 982 3996 culmen
1004 3941 1211 4011 imperii
1241 3942 1423 4008 subiit,
1448 3952 1501 4011 et
1532 3942 1838 4011 praeceden-

254 4011 390 4065 tium
424 4011 758 4079 tyrannidem
792 4009 1093 4080 principum
1143 4012 1193 4065 in
1238 4026 1421 4065 servos
1467 4009 1594 4065 JeSu
1642 4009 1837 4064 Christi

253 4082 565 4148 aliquandiu
594 4086 861 4147 exercuit;
894 4084 985 4135 sed
1019 4085 1273 4135 immensa
1308 4080 1400 4134 Dei
1434 4080 1601 4150 pietas
1642 4082 1840 4134 electo-

256 4166 383 4204 ruin
430 4164 649 4204 suorum
699 4152 1038 4205 clamantium
1085 4151 1149 4205 ad
1207 4164 1265 4204 se
1285 4151 1454 4204 dolori
1502 4160 1556 4206 et
1583 4150 1841 4219 angustia:

255 4220 612 4287 compatiens,
645 4221 932 4274 calamitati
961 4230 1015 4275 ct
1045 4222 1274 4275 miseria:
1316 4230 1475 4274 tanta:
1518 4220 1843 4287 persecutio-

255 4292 346 4342 nis
388 4293 544 4344 linein
580 4291 855 4359 imponere
904 4306 1009 4344 non
1038 4293 1262 4345 distulit.
1292 4291 1428 4355 Quid
1482 4290 1665 4358 plura?
1705 4291 1842 4343 sicut

263 4362 411 4412 enim
443 4362 495 4413 in
532 4359 644 4413 Vita
680 4366 846 4414 sancti
880 4361 1121 4416 Silvestri
1152 4361 1360 4430 legitur,
1394 4361 1644 4429 praefatus
1675 4361 1842 4429 impe-

253 4444 318 4482 ra
329 4438 410 4500 tor
430 4430 809 4484 Constantinus
826 4430 1144 4499 elepliantize
1166 4433 1311 4500 lepra
1335 4449 1362 4483 a
1388 4434 1502 4485 Deo
1524 4432 1836 4499 percutitur;

1925 513 2144 578 perator
2171 504 2549 578 constantinus
2589 508 2819 578 secunda
2858 510 2947 562 die
2990 504 3342 578 processiouis
3381 531 3496 572 sura

1925 574 2275 641 promulgavit
2306 575 2496 643 legem,
2530 590 2647 642 quae
2698 577 2777 629 his
2807 574 3379 635 verbis'concluditur:
3408 585 3496 642 Sit

1924 643 2176 718 omnibus
2202 652 2405 718 notum,
2440 660 2536 698 nos
2570 646 2639 697 ita
2668 644 2862 718 Christi
2904 649 3135 702 cultores
3170 651 3409 718 eerctos,
3434 662 3499 710 ut

1925 711 2063 763 intra
2096 711 2349 779 palatium
2374 720 2613 783 nostrum
2642 716 2891 781 templum
2916 718 3074 783 hujus
3112 722 3340 775 nominis
3362 711 3497 778 cott-

1924 790 2212 845 struamus,
2246 790 2349 834 etc.
2374 781 2537 846 Quam
2567 783 2857 837 Ecclesium
2892 781 3073 852 postea
3098 789 3409 846 mdificatam
3439 802 3493 847 et

1925 856 2348 921 consummatam
2400 855 2586 921 beatus
2631 852 2887 907 Silvester
2935 856 3142 921 publice
3188 860 3356 921 (quod
3390 879 3491 913 non

1930 918 2087 993 fiebat
2115 919 2305 993 antea)
2334 920 2647 993 soletnniter
2672 918 3001 993 consecravit
3029 918 3212 993 quinto
3240 918 3365 979 ldus
3390 932 3492 981 No-

1928 989 2182 1057 veiiiliris.
2205 988 2265 1057 Et
2287 997 2369 1041 est
2393 988 2480 1041 illa
2504 1003 2669 1057 usque
2691 991 2847 1045 hodie
2869 988 3213 1048 celeberrima
3240 996 3494 1050 festivitas

1928 1056 1978 1107 iu
2014 1056 2191 1127 Urbe,
2232 1056 2284 1109 in
2334 1071 2434 1123 qua
2468 1056 2633 1123 prima
2682 1063 2908 1115 ecclesia
2956 1064 3159 1127 publice
3188 1074 3495 1119 consecrata

1927 1136 2040 1198 est,
2069 1136 2136 1198 _e_t
2182 1126 2355 1198 imago
2401 1127 2877 1183 Salvatorisanfixa
2912 1133 3224 1197 parietibus,
3271 1134 3495 1198 primum

1928 1193 2155 1265 visibilis
2180 1196 2323 1265 omni
2343 1263 2350 1265 _
2374 1198 2569 1260 populo
2602 1199 2840 1251 Romano
2869 1193 3130 1265 apparuit.
3184 1193 3491 1257 inscribitur

1926 1264 2067 1314 enim
2122 1261 2646 1336 Dedicatio_basilicc
2693 1261 2999 1336 Saluatoris.
3047 1270 3172 1323 Inde
3214 1282 3297 1324 est
3350 1275 3490 1336 quod

1927 1343 2255 1405 qumcunque
2305 1331 2528 1405 ecclesia
2577 1347 2671 1405 per
2716 1335 2918 1405 AUrbem
2962 1346 3119 1405 atque
3165 1353 3259 1405 per
3306 1331 3490 1394 orbem

1928 1400 2217 1470 bjalvatoris
2250 1400 2505 1470 vocabulo
2531 1403 2832 1467 specialiter
2859 1400 3178 1468 intitulaiur,
3204 1411 3252 1459 in
3276 1410 3491 1470 prmfata

1925 1467 2012 1541 die
2036 1466 2198 1541 ipsius
2219 1467 2544 1541 celebritatis
2563 1466 2872 1541 memoriam
2902 1476 3082 1526 recolit
3108 1466 3171 1528 et
3184 1466 3495 1541 veneratur;

1926 1536 2081 1602 cujus
2130 1536 2481 1590 dedicationis
2528 1539 2917 1592 solemnitatem
2968 1553 3087 1594 octo
3134 1544 3318 1598 diebus
3356 1536 3501 1600 cele;

1930 1604 2184 1681 brandant
2216 1608 2504 1681 apostolica
2535 1610 3093 1681 sancivitauctoritas,
3127 1615 3374 1681 quoniam
3403 1615 3499 1671 de-

1930 1674 2071 1725 cimo
2101 1674 2188 1726 die
2215 1689 2244 1725 a
2275 1675 2612 1730 solemnitate
2654 1678 3001 1733 dedicationis
3051 1674 3201 1735 istius
3242 1685 3495 1739 dedicata:

1931 1753 2052 1795 sunt
2077 1753 2257 1810 postea
2288 1745 2519 1798 basilicae
2545 1756 2849 1801 sanctorum
2885 1747 3024 1803 Petri
3055 1762 3107 1803 et
3132 1752 3299 1806 Pauli.

2003 1813 2237 1884 Indeest
2262 1814 2695 1884 quodpRomanus
2740 1818 2972 1884 pontifex
3015 1820 3179 1884 ipsius
3206 1822 3497 1876 Salvatoris

1930 1881 2055 1934 Jcsu
2087 1881 2305 1953 Christi,
2336 1882 2423 1948 qui
2447 1885 2627 1938 suavis
2656 1894 2710 1937 et
2728 1881 2972 1953 capiosus
3001 1881 3081 1941 est
3111 1892 3159 1942 in
3192 1891 3495 1945 misericor-

1932 1952 2016 2003 dia
2050 1950 2295 2003 omnibus
2320 1953 2385 2004 ad
2413 1966 2471 2006 se
2503 1950 2864 2019 redeuntibus,
2898 1958 2947 2009 in
2979 1957 3313 2014 dedicatione
3346 1962 3495 2014 istius

1932 2032 2283 2073 sacrosancta:
2312 2020 2565 2086 basilicm,
2604 2038 2722 2089 qua:
2763 2027 3141 2079 misericordia:
3180 2032 3366 2083 sortita
3414 2040 3496 2083 est

1936 2090 2272 2155 vocabulum,
2318 2090 2385 2144 de
2428 2093 2801 2158 omnipotentis
2831 2095 2919 2146 Dei
2951 2106 3093 2147 certa
3136 2097 3495 2152 misericordia

1934 2160 2568 2237 prrsumenssalubriter
2587 2161 2948 2237 ordin_avit,_nt
2975 2164 3221 2219 omnibus
3250 2171 3313 2219 ad
3339 2169 3497 2237 hujus

1933 2228 2229 2281 festiviiatis
2260 2229 2494 2283 laetitiam
2535 2232 2969 2286 convenientibus
3016 2249 3201 2300 magna
3236 2238 3385 2290 fieret
3409 2228 3496 2292 ie-

1937 2300 2121 2351 missio
2147 2307 2503 2365 peccatorum,
2536 2302 2602 2353 de
2636 2302 2825 2367 quibus
2874 2313 3047 2356 tamen
3078 2304 3234 2369 digne
3264 2305 3370 2359 Deo
3399 2308 3496 2360 Ec-

1931 2369 2215 2448 clesizeque
2234 2369 2463 2448 confessi
2493 2384 2585 2437 per
2609 2371 2968 2448 paenitentiam
2995 2374 3155 2427 fuisse
3186 2387 3494 2448 noscuntur,

1932 2450 2026 2490 seu
2057 2438 2148 2505 qui
2190 2452 2354 2505 usque
2400 2438 2465 2491 ad
2502 2448 2742 2492 octavam
2774 2441 2935 2504 diem,
2980 2457 3097 2495 cum
3141 2458 3259 2496 vera
3305 2456 3357 2497 et
3390 2438 3497 2497 Deo

1932 2516 2079 2574 grata
2103 2507 2284 2578 cordis
2306 2506 2622 2562 contritione
2664 2509 3065 2563 confiterentur.
3097 2511 3223 2578 Qum
3256 2513 3498 2566 videlicet

1932 2577 2151 2647 emissio
2198 2578 2487 2647 apostolica
2534 2577 2863 2644 providentia
2916 2582 2991 2632 sic
3022 2577 3281 2647 tripertita
3308 2583 3499 2635 distin-

1932 2646 2129 2713 guitur,
2175 2656 2232 2697 ut
2280 2644 2534 2715 Romanis
2564 2656 2617 2700 et
2645 2648 2847 2701 circum
2899 2644 3293 2715 adjacentibuu
3324 2668 3378 2703 ιι.
3404 2668 3498 2704 an-

1937 2729 2145 2779 norum,
2181 2715 2337 2784 563
2362 2714 2597 2784 ,Thuscis
2639 2727 2692 2769 et
2732 2714 3043 2771 Lombardis
3078 2733 3109 2770 ιι
3134 2734 3189 2772 ιι.
3216 2736 3497 2783 annorum,

1933 2787 2026 2837 sed
2069 2793 2124 2838 et
2160 2783 2241 2839 lus
2285 2783 2373 2852 qui
2421 2786 2583 2838 maria
2618 2794 2945 2841 transmeare
2994 2798 3302 2853 noscuntur,
3355 2806 3411 2843 ιιι
3440 2807 3496 2844 ιι.

1934 2868 2215 2925 annorum,
2248 2862 2459 2925 maneat
2500 2855 2743 2910 remissio
2788 2864 3145 2925 peccatorum.
3180 2859 3376 2914 Similis
3399 2875 3500 2913 ea-

1935 2924 2164 2991 demque
2199 2924 2462 2977 institutio
2510 2925 2838 2980 remissionis
2875 2925 3013 2980 f'acta
3044 2930 3294 2993 probatur
3323 2927 3373 2982 in
3403 2928 3501 2981 hac

1938 2998 2106 3064 prima
2132 3003 2191 3064 et
2238 3003 2575 3064 sacrosancta
2623 2995 2840 3048 basilica
2871 2995 3052 3064 quinta
3086 2996 3212 3049 feria
3261 3002 3309 3049 in
3338 2999 3502 3054 Coena

1939 3061 2166 3126 Domini,
2199 3062 2410 3130 quando
2446 3079 2472 3115 a
2502 3063 2699 3115 domno
2724 3061 3016 3131 apostolico
3047 3077 3389 3120 consecratur
3418 3084 3504 3121 sa-

1859 3146 1905 3208 C
1936 3146 2099 3208 erum_
2126 3131 2379 3194 chrisma,
2429 3131 2742 3208 _quando_et
2788 3132 3020 3187 haeretici
3052 3143 3412 3203 contumaces,
3455 3148 3505 3192 et

1937 3201 2257 3255 extollentes
2287 3216 2344 3253 se
2374 3203 2629 3255 adversus
2657 3200 2793 3255 hanc
2823 3212 3064 3256 sanctam
3106 3200 3423 3259 catholicam
3454 3216 3507 3261 et

1937 3272 2282 3339 apostolicam
2316 3270 2629 3336 Ecclesiam,
2673 3271 2895 3339 publica:
2943 3276 3506 3329 exconimunicationis

1938 3340 2311 3393 maledictione
2328 3342 2615 3404 apostolica
2634 3343 2891 3395 sententia
2914 3343 3189 3395 traduntur
3220 3348 3430 3400 Salame
3454 3349 3506 3399 in

1938 3409 2437 3481 interi-tumcarnis,
2461 3418 2519 3462 ut
2551 3410 2799 3481 tandem,
2818 3411 3104 3465 miserante
3132 3420 3261 3479 lteo,
3295 3418 3510 3481 resipis-

1936 3478 2183 3532 centibus
2211 3478 2315 3531 illis
2344 3494 2372 3531 a
2403 3480 2597 3533 diaboli
2629 3478 2851 3547 laqueis,
2879 3482 3096 3547 spiritus
3118 3498 3197 3536 eo:
3216 3478 3300 3536 uin
3331 3478 3509 3538 salvus

1937 3550 2007 3602 sit
2030 3552 2080 3602 in
2112 3548 2199 3603 die
2230 3548 2439 3602 Domini
2471 3552 2636 3603 nostri
2676 3549 2800 3603 Jesu
2831 3552 3049 3605 Christi.

2035 3638 2075 3690 l.
2110 3636 2187 3691 De
2212 3638 2435 3707 mysticis
2463 3640 2887 3763 appeléatiolnibus
2926 3640 3073 3695 ist'us
3120 3652 3429 3699 sacrosanta:

2646 3726 2720 3762 ast
2745 3726 2857 3763 me.

2646 3726 2857 3763 astltcrz.

2011 3797 2155 3863 llzcc,
2186 3798 2420 3866 inquam,
2454 3799 2689 3853 Ecl-tesia
2712 3815 2740 3852 a
2772 3803 2970 3854 sanctis
3003 3801 3265 3867 Patribus,
3294 3803 3432 3857 sicut
3459 3804 3512 3858 in

1941 3882 2127 3938 eorum
2155 3869 2370 3938 scriptis
2399 3870 2687 3938 invenitur,
2717 3871 2952 3936 pluribus
2981 3871 3217 3938 mysticis
3248 3882 3331 3926 est
3361 3888 3516 3929 voca-

1943 3936 2085 3991 bulis
2116 3936 2384 4004 insignita.
2416 3936 2540 3990 llaec
2567 3942 2763 3990 etenim
2794 3936 3156 4004 principaliter
3179 3955 3395 3994 vocatur
3421 3943 3514 3995 ba-

1941 4006 2114 4069 silica,
2144 4010 2266 4074 quia
2295 4021 2413 4059 cutn
2460 4005 2591 4073 Regi
2636 4021 2816 4075 regum
2851 4009 3117 4060 Salvatori
3146 4008 3272 4062 .lesu
3302 4009 3515 4065 Christo

1942 4078 2013 4131 sit
2042 4075 2306 4142 dedicata,
2339 4076 2387 4128 ei
2425 4074 2509 4143 qui
2540 4078 2591 4129 in
2625 4074 2766 4129 terra
2794 4091 3034 4130 summus
3073 4092 3167 4129 rex
3198 4088 3281 4131 est
3320 4089 3376 4134 et
3424 4095 3511 4131 sa-

1942 4146 2155 4209 cerdos,
2187 4148 2566 4213 comprobatur
2595 4160 2716 4199 esse
2743 4146 3050 4199 commissa.
3096 4146 3326 4201 Vocatur
3354 4150 3517 4202 etiam

1944 4217 2159 4269 basilica
2190 4230 2375 4276 aurea,
2428 4215 2512 4268 vel
2565 4214 2783 4269 basilica
2828 4216 3285 4280 Constaniuiana,
3313 4233 3341 4270 a
3373 4218 3518 4271 Cou-

1942 4289 2203 4350 stantino,
2230 4296 2284 4337 ut
2307 4283 2523 4355 dicitur,
2554 4293 2663 4338 tota
2686 4300 2850 4338 aureo
2880 4285 3085 4338 mnsivo
3115 4286 3345 4355 depicta.
3384 4288 3521 4340 Dici-

1946 4365 2033 4409 tur
2074 4356 2233 4409 etiam
2284 4354 2538 4422 templum
2592 4355 2992 4418 misericordim,
3041 4354 3201 4425 quia,’
3246 4369 3303 4410 ut
3354 4371 3523 4425 usque

1946 4426 2103 4479 hodie
2130 4426 2387 4488 cernitur,
2412 4440 2530 4477 cum
2562 4428 2755 4479 multos
2784 4425 2958 4478 aditus
2982 4430 3243 4491 habuerit,
3265 4426 3404 4481 nulla
3429 4428 3523 4481 die

252 4498 347 4552 cui
377 4501 651 4567 pontiﬁces
678 4494 925 4569 capitolii'
944 4501 1045 4555 hoc
1083 4494 1345 4556 dederunt
1373 4494 1672 4567 cunsiiiuin,
1705 4516 1835 4569 qua-
1868 4495 1922 4555 D
1948 4498 2029 4548 vel
2059 4505 2212 4569 nocte
2245 4495 2614 4560 claudebatur,
2659 4494 2758 4548 nisi
2793 4497 3076 4569 tapetibus,
3112 4506 3169 4549 ut
3195 4498 3346 4569 quasi
3376 4498 3516 4549 alte-

255 4579 416 4623 tenus
444 4571 496 4623 in
526 4572 776 4638 piscinam
800 4573 1098 4625 occisorum
1128 4571 1406 4624 infantium
1437 4572 1695 4638 sanguine
1724 4573 1835 4639 ple-

255 4654 385 4719 nam
410 4641 977 4719 nudusdescenderct,
998 4650 1061 4719 _et
1083 4657 1111 4694 a
1144 4641 1287 4707 lepra
1316 4641 1395 4694 sic
1424 4642 1708 4695 mundatus
1730 4642 1837 4711 pri-

253 4711 454 4764 Stinain
478 4713 759 4765 sanitatem
787 4712 865 4766 sic
902 4711 1183 4778 reciperet,
1206 4721 1314 4766 etc.

335 4779 535 4856 Deinde
588 4782 923 4856 privilegium
976 4782 1228 4856 Romana:
1297 4780 1553 4856 Ecclesia:
1595 4779 1837 4856 pontifici

252 4850 503 4915 contulit,
541 4864 597 4903 ut
622 4852 673 4904 in
708 4861 816 4905 toto
843 4854 972 4905 orbe
999 4852 1238 4906 Romano
1258 4852 1563 4907 sacerdotes
1594 4852 1734 4905 hunc
1761 4850 1834 4902 ita

252 4922 419 4987 caput
442 4930 498 4974 et
521 4923 810 4988 principem
848 4923 1105 4988 habeant,
1135 4924 1273 4977 sicut
1293 4936 1494 4989 .omnes
1518 4921 1725 4988 judices
1755 4936 1841 4973 re-

251 5006 379 5059 gem
404 4989 601 5045 habere
631 5005 1051 5057 consueverant;
1079 4996 1131 5045 in
1161 5006 1266 5061 quo
1297 4990 1570 5061 privilegio
1601 4991 1672 5043 ita
1699 4991 1838 5043 inter

252 5071 452 5115 emtera
484 5063 707 5130 legitur:
744 5079 761 5112 ι
788 5061 922 5116 Utile
948 5062 1306 5132 judicavitnus
1332 5077 1433 5114 una
1456 5076 1574 5115 cum
1593 5061 1839 5113 omnibus

252 5132 493 5198 satrapis
538 5132 737 5186 nostris
764 5174 778 5199 ,
829 5142 884 5186 et
929 5131 1180 5187 universo
1231 5142 1455 5196 senatu,
1501 5131 1841 5198 optimatibus

255 5200 424 5253 etiam
456 5210 510 5255 et
547 5214 741 5255 cuncto
786 5203 979 5270 p0pulo
1009 5204 1263 5256 Romanae
1294 5204 1477 5268 gloriae
1517 5202 1836 5267 subjacenti,

259 5278 322 5322 ut
353 5270 492 5324 sicut
517 5272 706 5326 beatus
736 5272 925 5327 Petrus
954 5274 1006 5327 in
1040 5274 1197 5327 terris
1236 5272 1463 5326 vicarius
1491 5270 1608 5323 Filii
1640 5270 1733 5324 Dei
1766 5273 1843 5323 vi-

257 5341 421 5412 detur
444 5356 564 5395 esse
586 5342 927 5408 constitutus,
952 5346 1112 5399 etiam
1135 5354 1189 5397 et
1211 5342 1484 5412 pontifices
1513 5342 1676 5409 ipsius
1698 5341 1840 5408 prin-

255 5411 399 5484 cipis
446 5412 809 5479 apostolorum
857 5414 971 5469 vice
1019 5414 1352 5484 principatus
1378 5418 1845 5484 patestatem_ain-

261 5480 410 5547 plius
457 5496 615 5553 quatit
669 5492 897 5539 terrenae
941 5480 1235 5553 imperialis
1290 5490 1487 5536 nostrae
1540 5480 1849 5535 serenitatis

260 5552 621 5605 mansuetudo
649 5554 847 5607 habere
886 5552 1118 5620 videtur,
1147 5554 1441 5616 obtineant,
1474 5569 1494 5604 ι
1526 5561 1630 5605 etc.

339 5621 488 5675 Sicut
517 5626 659 5676 enim
708 5623 761 5677 in
815 5623 989 5679 Gestis
1021 5625 1163 5679 beati
1194 5623 1434 5678 Silvestri
1469 5624 1680 5690 legitur,
1728 5635 1848 5688 quin

264 5689 459 5745 beatus
483 5707 615 5762 papa
643 5692 888 5749 Celasius
928 5697 987 5751 in
1020 5695 1250 5751 concilio
1275 5689 1607 5763 septuaginta
1638 5694 1845 5761 episco-

1945 4581 2060 4619 rum
2092 4566 2295 4635 asylum
2327 4580 2543 4632 semper
2591 4574 2796 4632 pateret
2824 4566 3068 4618 obnoxiis
3090 4567 3357 4631 omnibus,
3390 4582 3519 4633 qua-

1947 4647 2100 4688 tenus
2129 4637 2356 4703 amplius
2388 4652 2491 4687 non
2530 4637 2845 4700 punirentur
2865 4651 2893 4688 a
2920 4635 3124 4704 legibus
3150 4637 3519 4690 szecularibus.

1946 4709 2162 4772 Legitur
2219 4721 2428 4774 quoque
2479 4705 2765 4772 apostolica
2819 4705 3099 4770 Ecclesia,
3158 4708 3519 4775 apostolorum

1944 4782 2202 4829 duntaxat
2248 4776 2504 4829 doctrinis
2546 4777 2835 4840 instructa;
2878 4778 3034 4830 sedes
3060 4778 3368 4845 apostolica,
3399 4779 3521 4844 quia

1948 4858 2144 4915 prmter
2197 4846 2547 4911 apostolicum
2599 4846 2775 4899 nullus
2823 4847 2957 4898 alitis
2998 4848 3187 4901 sedere
3215 4847 3519 4914 prmsumit;

1948 4919 2104 4970 sedes
2156 4916 2345 4982 prima,
2390 4918 2511 4984 quia
2557 4921 2789 4970 secunda
2839 4927 2922 4970 est
2960 4918 3316 4981 Antiocheua,
3365 4919 3523 4970 tertia

1946 4987 2339 5051 Alexandrina;
2370 4990 2527 5041 sedes
2559 4986 2720 5052 Petri,
2756 4986 2877 5055 quia
2928 5002 3020 5054 per
3068 4988 3321 5039 vicarium
3364 5002 3522 5040 suum

1948 5058 2176 5124 ipsemet
2204 5058 2356 5110 sedet
2382 5057 2474 5111 ibi.
2510 5057 2733 5111 Vocatur
2759 5067 2812 5111 et
2840 5058 2906 5109 ab
2930 5058 3067 5111 Urbe
3091 5057 3326 5110 Romana
3352 5060 3521 5110 eccle-

1948 5133 2064 5189 sia;
2096 5137 2151 5181 et
2199 5142 2229 5180 a
2280 5128 2398 5181 loco
2432 5129 2805 5183 Laterancnsis
2837 5126 3095 5191 Ecclesia,
3148 5126 3522 5180 Lateranensis

1948 5197 2192 5263 basilica,
2228 5197 2589 5252 Lateranense
2636 5200 2983 5265 episc0pium,
3031 5197 3393 5265 Lateranense
3432 5212 3523 5265 pa—

1952 5268 2288 5322 triarcliium.
2341 5268 2543 5322 Dicitur
2591 5264 2705 5323 huic
2757 5267 3079 5321 Universalis
3111 5264 3367 5333 Beelesia,
3401 5264 3525 5334 quia

1948 5341 2064 5408 ejus
2094 5338 2377 5405 episc0pus
2405 5341 2471 5393 de
2503 5339 2765 5393 universis
2806 5338 2962 5391 habet
2982 5334 3251 5405 iudicandi
3284 5345 3523 5406 potesta-

1951 5419 2079 5474 tem,
2110 5412 2177 5461 de
2209 5410 2300 5462 illo
2332 5424 2459 5463 vero
2504 5409 2703 5464 nullus.
2736 5412 2801 5461 lit
2853 5418 3068 5476 propter
3097 5408 3198 5461 hoc
3226 5408 3523 5477 appellatur

1951 5489 2108 5547 caput
2150 5479 2531 5540 Eitciesiarutn.
2572 5488 2739 5532 mater
2780 5479 3159 5541 Ecclesiarum,
3189 5487 3244 5533 et
3275 5480 3523 5545 magistra

1954 5549 2342 5614 Ecclesiarum,
2373 5554 2496 5619 quia
2519 5564 2703 5603 omnes
2740 5551 2807 5603 ab
2827 5549 2914 5601 illa
2936 5550 3197 5616 accipiunt
3229 5550 3522 5603 fomentum

1952 5631 2006 5674 et
2028 5618 2414 5690 magisterium.
2462 5621 2719 5673 Omnibus
2747 5619 3010 5687 providet,
3040 5633 3133 5686 pro
3163 5622 3422 5690 omnibus
3445 5618 3523 5690 in-

1957 5686 2160 5759 vigilai,
2188 5707 2285 5761 pro
2307 5692 2460 5761 cujus
2491 5690 2671 5761 utique
2699 5686 2803 5744 lide
2846 5700 2903 5743 ut
2948 5690 3231 5757 aliquando
3266 5705 3371 5744 non
3392 5686 3522 5742 deli-
