3990 6340
155 476 283 533 1585

1038 471 1128 526 AI)
1166 467 1494 525 LIBELLOS
1534 465 1806 524 0RDINIS
1848 461 2108 517 ROMANI
2150 456 2509 513 APPENDIX.

3261 455 3397 509 1386

151 596 259 661 ipse
301 590 545 645 Christus
593 589 712 646 erit.
759 588 844 641 ubi
905 586 1134 653 perlecta
1168 594 1220 640 et
1261 592 1626 637 consummata
1672 581 1721 633 in
1751 584 1801 640 Α
1831 572 2610 661 iiii-aCOIydIli.pr£58l1_it:£:,-EI
2637 565 3400 661 capellap‘i‘,“llec_tgres,esti:—

150 658 342 725 iflect'is,
376 676 472 714 nec
496 658 852 726 postulatione
892 671 1025 724 Opus
1052 659 1172 721 erit,
1210 669 1309 708 nec
1338 661 1645 721 augmento.

154 756 257 811 V’Il.
317 752 394 806 De
461 750 703 805 Oratione
758 748 1061 809 Dominica.
1113 764 1226 816 qua:
1268 748 1319 799 in
1375 745 1515 799 omni
1565 741 1723 811 οῇἱεὶο

749 824 1115 887 frequentatur.

224 913 342 965 llaec
369 923 655 964 reservans
684 908 1027 974 apostolicam
1062 906 1446 960 institutionem
1479 918 1586 957 non
1619 901 1720 974 nisi

154 982 417 1037 Dominica
468 980 517 1032 in
560 972 752 1030 ofliciis
792 978 954 1030 utitur
1001 976 1276 1039 Oratione,
1315 975 1569 1042 quoniam
1606 972 1725 1025 alite

156 1053 430 1107 Orationes
462 1058 641 1118 postea
666 1054 791 1099 sunt
816 1046 1168 1118 superaddita;
1194 1063 1207 1108 ;
1241 1054 1295 1098 et
1322 1056 1613 1118 congruum
1643 1051 1727 1095 est

154 1132 306 1188 atque
326 1112 648 1173 conveniens
675 1126 731 1169 ut
752 1116 915 1183 prima
936 1125 987 1168 et
1012 1130 1217 1167 summa
1239 1114 1476 1188 omnium
1501 1112 1723 1188 aliarum

156 1181 530 1250 Ecclesiarum,
586 1181 805 1253 primam
850 1193 903 1237 ct
947 1199 1206 1238 summam
1237 1185 1472 1234 omnium
1504 1181 1725 1253 aliarum

154 1261 453 1313 (irationem
497 1249 823 1328 freqiientct;
871 1265 923 1328 et
966 1269 1083 1328 qua:
1122 1253 1420 1328 Salvatoris
1469 1249 1728 1328 vocabulo

155 1337 461 1384 consecrata
515 1321 618 1392 est,
659 1326 952 1398 Salvatoris
985 1326 1327 1398 OratiOnem,
1360 1336 1516 1386 quam
1551 1321 1726 1396 udisci-

155 1400 304 1468 pulos
356 1414 485 1451 suos
533 1411 688 1468 orare
745 1395 947 1458 docuit,
997 1395 1371 1468 pr:e__ca:ieris_
1407 1395 1727 1468 prmciptiam

156 1458 362 1533 semper
388 1468 600 1521 habeat.
627 1466 760 1519 Sunt
792 1458 1043 1531 prarterea
1076 1463 1193 1516 alia:
1220 1458 1729 1533 qumdamcollecm

157 1539 218 1591 ad
242 1529 523 1592 Matutinus
553 1537 637 1590 vel
671 1529 930 1603 Vesperas
954 1534 1250 1603 intitulata‘,
1280 1546 1405 1603 quze
1426 1529 1492 1582 ab
1513 1539 1731 1603 aposto-

155 1607 277 1674 lico,
305 1608 387 1661 vel
415 1607 483 1660 ab
508 1605 625 1675 ejus
661 1600 863 1673 Septem
895 1600 1286 1675 eollateralibus
1322 1600 1587 1675 episcopis
1613 1607 1730 1675 ta_ti-_-

156 1668 286 1742 tuin',
318 1685 373 1731 et
418 1668 642 1730 non'ab
686 1668 804 1729 aliis
844 1676 1052 1743 penitus
1099 1672 1152 1725 in
1200 1672 1312 1740 ipsa
1360 1669 1593 1723 Ecclesia
1624 1668 1728 1722 dici

156 1758 391 1813 possunt.

198 1856 328 1911 VIII.
369 1856 448 1910 De
495 1856 743 1925 episwpis
787 1863 975 1924 septem
1024 1852 1449 1925 [ebdomadarum
1475 1851 1693 1919 aliisque

526 1922 821 1995 ofﬁcialibus
842 1922 1075 1994 ejusdem
1111 1922 1371 1976 Ecclesiic.

222 2037 301 2090 Ad
331 2038 430 2090 hoc
456 2038 614 2106 igitur
637 2046 742 2089 tam
791 2036 1027 2089 solemne
1077 2044 1473 2106 sacrosanctum
1533 2035 1719 2095 altare,

150 2108 264 2172 ubi,
306 2108 443 2160 sicut
470 2104 724 2169 diximus,
771 2107 1140 2158 vestimentum
1190 2104 1410 2157 habetur
1453 2106 1721 2165 sortitum,

152 2194 258 2230 nou
283 2181 527 2240 scissum,
560 2188 613 2231 et
642 2176 784 2229 aliud
816 2183 1034 2227 inuitum
1066 2184 1119 2227 et
1163 2174 1577 2239 incomparabile
1601 2188 1725 2226 san-

149 2251 431 2307 ctiiarium,
465 2249 605 2315 quOtI
639 2257 803 2299 totum
849 2245 933 2297 hic
974 2246 1251 2315 nominare
1276 2245 1721 2311 supersedemus,

148 2318 328 2370 nullus
353 2318 417 2369 ad
448 2313 851 2369 sacriﬁcandum
877 2315 1035 2368 audet
1057 2313 1310 2368 accedere
1335 2322 1530 2370 nrzeter
1562 2316 1727 2366 doni-

148 2401 280 2439 nuin
327 2388 694 2452 apostolicum,
744 2397 796 2439 et
852 2394 1054 2451 septem
1119 2384 1415 2437 cardinales
1448 2384 1725 2452 episcopos

149 2456 391 2524 ejusdem
427 2457 673 2509 Ecclesia:
700 2454 1160 2519 he1.d0iuadarios,
1188 2453 1276 2520 qui
1304 2453 1514 2524 Missam
1544 2456 1594 2505 in
1627 2453 1725 2508 hac

152 2523 493 2579 sacrosancta
527 2526 738 2581 basilica
774 2525 1045 2578 celebrant
1076 2540 1169 2591 per
1197 2523 1555 2577 hebdomadas
1577 2538 1723 2588 suas,

154 2596 613 2663 oblationemque,
640 2611 799 2663 quam
832 2596 882 2646 iii
915 2596 1023 2661 ipsa
1048 2593 1205 2647 Missa
1232 2595 1497 2661 accipiunt
1516 2610 1546 2646 a
1576 2596 1726 2661 prin-

151 2667 298 2733 cipio
328 2665 485 2718 ofﬁcii
512 2681 678 2733 usque
717 2667 781 2717 ad
830 2668 1009 2725 linem,
1059 2679 1385 2732 qtuecunque
1408 2666 1572 2733 estin
1599 2680 1729 2718 auro

156 2737 243 2789 vel
270 2746 509 2803 argento,
543 2732 626 2788 vel
657 2737 1055 2804 quibuSciiiique
1083 2734 1463 2796 oblationibus,
1506 2732 1560 2785 in
1586 2735 1730 2786 ordi-

153 2805 459 2860 nationibus
487 2805 646 2860 etiam
679 2811 731 2859 et
757 2804 1247 2858 consecrationibus
1276 2805 1553 2868 a~quahter
1580 2804 1729 2856 divi—-

154 2880 292 2928 dunt
318 2890 437 2928 cum
462 2876 730 2930 canonicis
759 2876 1001 2943 ejusdem
1031 2874 1281 2943 Ecclesia:
1330 2875 1432 2927 sibi
1476 2874 1731 2927 assisten-

154 2944 301 2998 tibus
330 2946 380 2998 iii
411 2946 705 3000 ministerio
730 2942 937 3009 altaris,
969 2954 1023 2997 et
1047 2945 1098 2996 in
1128 2942 1339 3008 oflicnis,
1366 2952 1557 3011 praeter
1582 2944 1731 2998 obla-

155 3015 358 3069 tionem
392 3020 539 3083 pauis
564 3025 619 3070 et
651 3015 780 3075 vini.
808 3030 926 3083 qua:
956 3020 1158 3067 tantum
1187 3016 1564 3067 canonicorum
1586 3025 1731 3069 sunt.

152 3086 395 3148 Quorum
426 3094 629 3155 septem
655 3085 833 3141 civilia
864 3085 949 3138 hic
971 3082 1325 3155 describenda
1350 3093 1473 3137 sunt
1496 3088 1731 3155 nomina.

156 3155 456 3224 Episcopus
481 3154 762 3221 Ostiensis,
795 3156 883 3223 qui
908 3154 1068 3208 debet
1095 3168 1415 3224 consecrare
1435 3163 1489 3206 et
1516 3154 1733 3207 benedi-

150 3238 281 3279 cere
308 3223 651 3293 apostolictim
677 3240 784 3294 pm
805 3225 1050 3280 omnibus
1074 3224 1228 3288 aliis;
1263 3223 1421 3293 567
1448 3223 1733 3292 episcopus

1830 648 2001 705 cisue,
2038 636 2089 697 et
2121 636 2350 704 ostiarii,
2379 653 2603 703 quorum
2637 637 2997 702 unusuuisque
3026 636 3208 689 nititur
3232 637 3401 692 adim-

1828 716 1976 782 plere
2025 729 2176 767 suum
2223 710 2481 773 ofﬁcium,
2513 711 2707 763 sicuta
2758 708 2957 759 sanctis
3000 706 3243 760 Patribus
3273 707 3399 762 inibi

1828 795 1908 838 est
1934 783 2299 836 constitutum.

1903 854 2038 906 Sunt
2068 862 2243 904 autem
2296 851 2345 902 in
2385 850 2483 904 hac
2519 848 2773 917 prmdicla
2819 847 3160 901 Lateranensi
3191 847 3403 903 basilica

1829 923 2180 992 quorumdam
2206 932 2509 974 sanctorum
2542 920 2749 980 altaria,
2775 933 2998 992 quorum
3033 919 3131 971 ista
3156 928 3279 992 sunt
3309 934 3403 992 no-

1831 988 1994 1045 mina.
2026 993 2080 1045 In
2108 991 2273 1045 choro
2301 992 2678 1044 canonicorum
2702 999 2781 1041 est
2805 990 2973 1041 altare
3001 998 3199 1042 sancta:
3225 988 3407 1042 Maria!

1830 1062 2182 1129 Magdalente,
2215 1060 2267 1113 in
2294 1077 2399 1128 quo
2429 1061 2760 1113 reconditum
2800 1067 2885 1112 est
2909 1073 3105 1125 corpus
3134 1058 3251 1127 ejus
3289 1060 3408 1115 sine

1831 1138 2005 1196 capite
2036 1147 2129 1198 per
2176 1145 2365 1183 manus
2396 1130 2597 1183 domini
2648 1129 2866 1183 Ilonorii
2923 1130 3061 1182 tertii
3111 1144 3289 1198 paptc,
3319 1133 3408 1199 qui

1831 1202 2003 1267 ipsum
2032 1201 2201 1253 altare
2228 1202 2581 1254 consecravit.

1906 1270 2070 1321 Itetro
2090 1271 2189 1321 sub
2216 1270 2398 1321 absida
2437 1278 2520 1322 est
2550 1270 2715 1321 altare
2745 1275 3050 1321 sanctorum
3086 1267 3408 1335 Chrysanthi

1832 1350 1883 1390 et
1919 1339 2115 1399 Darite,
2148 1339 2199 1390 in
2230 1354 2336 1406 quo
2371 1338 2647 1390 recOizdita
2678 1338 2804 1389 olim
2839 1337 3047 1390 Inerant
3080 1352 3264 1389 eorum
3293 1354 3412 1403 pre-

1833 1409 1964 1459 tiosa
1995 1421 2219 1474 corpora
2245 1424 2260 1471 ;
2289 1409 2381 1458 sed
2427 1421 2545 1459 cum
2580 1424 2608 1459 a
2653 1408 3010 1459 schismaticis
3039 1406 3224 1459 fuisset
3253 1421 3407 1460 exse-

1833 1489 2062 1541 cratum,
2099 1481 2269 1529 levata
2299 1483 2425 1528 sunt
2448 1475 2639 1528 iterum
2689 1477 2833 1541 inde,
2864 1487 2919 1528 et
2951 1476 3206 1527 translata
3238 1476 3291 1528 in
3321 1490 3411 1529 ec-

1834 1546 2001 1600 clesia
2028 1548 2194 1599 beata:
2228 1545 2317 1599 Dei
2342 1545 2613 1614 genitricis
2638 1545 2837 1606 Mariae,
2871 1554 2924 1597 et
2945 1543 3115 1596 sancti
3144 1544 3412 1600 Pancratii

1834 1617 2105 1685 martyris,
2138 1632 2254 1683 qua:
2291 1627 2374 1669 est
2402 1617 2453 1685 in
2493 1615 2717 1669 dextero
2763 1616 2929 1668 latere
2972 1614 3224 1685 basilica},
3252 1623 3413 1685 atque

1835 1684 2110 1741 recondita
2149 1695 2273 1739 sunt
2296 1688 2348 1739 in
2371 1684 2535 1737 altare
2568 1687 2733 1747 ipsius
2758 1684 3021 1740 ecclesiae.
3048 1684 3187 1751 quod
3220 1684 3409 1739 conse-

1833 1768 2037 1808 cratum
2067 1768 2147 1809 est
2177 1771 2267 1821 ger
2293 1771 2482 1808 manus
2506 1755 2797 1808 Innocentii
2831 1769 2980 1823 papa:
3014 1754 3073 1815 ll,
3108 1754 3159 1806 in
3188 1770 3294 1823 quo
3324 1772 3409 1811 re-

1834 1827 2070 1878 condidit
2122 1829 2379 1892 pretiosas
2428 1836 2732 1877 sanctorum
2780 1825 3047 1892 reliquias,
3099 1836 3407 1879 sanctorum

1838 1896 2088 1949 videlicet
2145 1895 2432 1957 Pancratii,
2474 1894 2657 1948 Jacobi
2704 1894 2949 1963 apostoli,
3004 1895 3236 1947 Matthaai
3284 1911 3414 1963 apo-

1839 1965 1988 2029 stoli,
2040 1966 2292 2017 'lhaddzci
2339 1965 2585 2031 apostoli,
2629 1964 2894 2016 'I‘itnotlici
2944 1965 3185 2031 discipuli
3234 1965 3408 2030 I’atili,

1832 2036 2247 2103 protomartyris
2276 2035 2555 2097 Stephani,
2579 2044 2885 2087 sanctorum
2925 2034 3316 2099 Innocentium,
3347 2038 3418 2089 de

1836 2107 2147 2158 linteamine
2178 2105 2410 2172 Domini,
2441 2115 2495 2157 et
2522 2105 2589 2157 de
2617 2104 2864 2171 sepulcro
2892 2104 3031 2172 ejus,
3070 2105 3135 2157 de
3166 2105 3301 2158 rubo
3331 2106 3417 2158 iii-
3474 2108 3475 2111 “

1832 2180 2135 2235 εοιιιιηιειο,
2193 2176 2372 2239 Blasii,
2421 2174 2742 2239 Nicomedis,
2802 2173 3015 2232 Vitalis.
3065 2173 3304 2227 Gervasii
3360 2186 3415 2229 et

1835 2244 2081 2306 l‘rotasii,
2112 2244 2320 2297 Nazarii
2366 2252 2422 2297 et
2452 2246 2615 2308 Celsi,
2651 2243 2820 2297 sancti
2852 2242 3048 2308 Felicis
3100 2253 3156 2298 et
3198 2257 3415 2298 sancto-

1832 2329 1947 2367 rum
1971 2330 2036 2367 ιι.
2068 2315 2381 2382 Martyrum.

1906 2386 1959 2436 In
1992 2390 2178 2439 eadem
2215 2396 2361 2449 parte
2387 2392 2511 2437 sunt
2552 2386 2841 2451 sepulturae
2887 2384 3324 2452 apostolicorum,
3358 2385 3410 2439 in

1833 2456 2021 2529 quibus
2056 2464 2269 2529 sancte
2314 2455 2697 2529 recordationis
2742 2453 2937 2529 Lucius
2966 2468 3100 2523 papa
3140 2456 3200 2508 ll.
3248 2457 3412 2529 568

1840 2524 1935 2576 llic
1963 2526 2095 2577 vixit
2142 2528 2192 2577 in
2241 2526 2536 2578 canonieali
2589 2525 2859 2592 proposito
2892 2524 3051 2592 longo
3094 2524 3332 2594 tempore
3362 2524 3414 2579 fit

1837 2594 2079 2648 Ecclesia
2126 2594 2250 2661 ista,
2282 2605 2440 2663 atque
2470 2596 2593 2647 hinc
2640 2604 2946 2661 assumptus
2977 2594 3260 2663 presbyter
3295 2612 3414 2650 car-

1834 2664 2029 2717 dinalis
2072 2665 2350 2718 ordinatus
2379 2675 2461 2718 est
2512 2668 2562 2717 in
2606 2664 2835 2717 ecclesia
2886 2675 3081 2717 sanctze
3125 2668 3311 2719 Grecis
3356 2667 3409 2719 in

1834 2733 2156 2798 JeruSaIem,
2189 2749 2347 2803 quam
2386 2735 2453 2787 de
2497 2734 2663 2787 ruinis
2714 2748 2744 2786 a
2774 2732 3123 2788 fundamento
3153 2737 3412 2803 prieclaro

1834 2813 1890 2855 et
1908 2804 2221 2857 admirando
2240 2818 2402 2870 opere
2432 2803 2725 2868 renovavit,
2758 2816 2917 2872 atque
2957 2805 3021 2857 ad
3054 2819 3294 2859 normam
3326 2821 3411 2860 re-

1842 2874 2054 2941 ligionis
2078 2874 2369 2928 secundum
2409 2874 2548 2927 beati
2578 2874 2854 2940 Augustini
2888 2876 3123 2942 regulam
3158 2875 3412 2929 informa-

1836 2952 1939 2995 ta...
1969 2954 2092 2997 ante
2121 2945 2475 3011 apostolatuiu
2520 2945 2700 2997 multis
2734 2943 3174 2999 l’rocessiOiiihus
3201 2947 3410 2999 ditavit.

1837 3014 1941 3066 bed
1973 3024 2027 3067 et
2055 3017 2207 3068 isuiin
2238 3015 2542 3075 ecclesiam,
2569 3014 2950 3081 assumptionis
2976 3028 3087 3067 sum
3129 3030 3334 3068 memor
3360 3027 3412 3070 ct

1840 3085 2073 3149 pristina:
2110 3082 2556 3145 conversationis,
2587 3098 2678 3149 per
2707 3082 3138 3153 OlllllIaidlICXII,
3172 3089 3409 3153 magnis-

1837 3167 1941 3220 que
1969 3154 2244 3208 beneticiis
2281 3155 2585 3207 honoravit.
2615 3153 2820 3207 Octavo
2869 3152 3131 3221 siquidem
3162 3152 3414 3210 die’con-

1838 3224 2156 3277 secratioiiis
2197 3239 2311 3279 sua:
2342 3232 2543 3276 textum
2593 3224 3023 3290 Evangeliorum,
3074 3226 3288 3279 laminis
3318 3242 3413 3281 au-

152 3304 361 3370 sanctte
409 3296 611 3370 liutiute
639 3295 933 3370 secundus;
964 3295 1243 3363 episcopus
1274 3304 1581 3370 t'oi-iiienSis
1629 3304 1733 3370 t_er-
1761 3307 1810 3370 ο
1842 3307 1949 3370 reis
1975 3304 2251 3370 opertum,
2287 3301 2480 3348 suialto
2529 3302 2585 3347 et
2635 3295 2815 3345 multis
2869 3294 3113 3370 pretiosis
3151 3296 3414 3370 lapidibus

154 3366 296 3428 tius;
346 3365 625 3435 episcopus
670 3366 984 3420 Albaneusis
1017 3374 1262 3433 quartus;
1307 3364 1587 3435 episcopus
1629 3365 1738 3418 Tu-

148 3436 493 3489 sculani-usis
534 3434 785 3505 'quintus;
837 3435 1117 3503 episcopus
1166 3434 1476 3488 Sabineusis
1517 3448 1736 3500 sextus;

150 3511 445 3574 episcopus
475 3507 913 3559 Praenestiuensis
941 3506 1221 3571 septimus.

227 3576 286 3629 In
320 3575 637 3642 quibusdam
692 3590 818 3629 vero
864 3576 1152 3627 Dominicis
1195 3585 1247 3624 et
1280 3572 1480 3627 festivis
1521 3574 1735 3642 diebus,

147 3653 577 3712 sanctorumque
607 3645 888 3713 praecipuis
928 3660 989 3696 so
1012 3643 1374 3703 ettniitatibus,
1417 3646 1738 3713 quandoque

146 3714 413 3769 sacerdos
438 3728 517 3768 est
550 3716 741 3783 regalis
763 3724 818 3768 et
848 3713 1135 3783 impeiialis
1170 3714 1471 3779 epiSi-opus.
1498 3713 1606 3765 imo
1645 3729 1736 3780 pa-

148 3786 391 3839 triarcha
419 3800 433 3848 ;
463 3794 516 3838 et
562 3782 701 3839 idem
749 3784 1088 3852 Apostolieus
1119 3782 1169 3835 in
1211 3783 1516 3847 supradicto
1558 3796 1735 3836 sacra-

151 3856 370 3907 tissimo
398 3858 567 3910 altare
595 3852 888 3909 Salvatoris
920 3853 1075 3921 hujus
1099 3853 1472 3905 Lateraiiensis
1500 3854 1735 3906 basilica:

148 3925 376 3979 Missam
408 3926 567 3979 debet
591 3925 897 3988 celebrare;
944 3936 997 3976 et
1041 3930 1253 3990 quando
1284 3922 1520 3974 celebrat
1557 3922 1730 3975 domi-

148 4010 260 4048 nus
291 4009 423 4063 papa
472 3995 639 4049 sancti
674 3994 814 4047 Petri
846 3995 1098 4058 vicarius,
1143 3992 1344 4063 debent
1356 4001 1531 4063 etiam
1562 3993 1609 4063 ei
1643 4005 1731 4044 as-

148 4060 568 4118 sistere'vicarii
616 4074 671 4118 et
707 4064 1042 4118 collaterales
1079 4064 1157 4115 sui
1207 4060 1462 4130 praedicti,
1486 4062 1735 4117 videlicet

147 4143 369 4202 septem
410 4136 648 4203 episcopi
688 4149 808 4187 cum
841 4148 1009 4187 XXHII
1041 4132 1397 4203 cardinalihus
1429 4132 1647 4185 totidem
1679 4134 1733 4186 in

145 4205 406 4258 ccclesiis
433 4206 568 4258 inira
594 4202 776 4259 muros
806 4204 949 4257 urbis
978 4207 1160 4257 Itonia:
1189 4202 1615 4270 praisidentihus,
1642 4204 1734 4271 qui

148 4283 479 4341 potestatem
528 4276 774 4329 obtinent
798 4273 1055 4343 judicium
1089 4272 1311 4325 laciendi
1360 4284 1523 4343 super
1547 4287 1734 4327 omnes

143 4348 440 4412 episcopos
470 4348 628 4399 totius
661 4342 883 4398 Romani
914 4344 1118 4412 imperii
1170 4343 1221 4394 in
1262 4342 1509 4412 omnibus
1555 4345 1733 4396 conci-

145 4410 268 4485 liis,
301 4410 381 4467 vel
412 4416 627 4485 synodis
658 4410 1061 4483 quibuscunque
1111 4412 1289 4479 legati,
1330 4410 1411 4462 vel
1444 4424 1735 4485 prmseiites

142 4482 469 4538 adluerunt'.
496 4486 664 4540 Debet
690 4487 850 4537 etiam
883 4487 953 4536 ibi
980 4498 1213 4553 prmseus
1253 4494 1372 4553 esse
1401 4483 1734 4553 archidiaco-

144 4569 259 4606 nus
286 4566 406 4606 cuiu
438 4569 528 4609 sex
558 4556 872 4608 diaconibus
913 4552 1183 4622 palatinis,
1219 4552 1309 4622 q..i
1346 4552 1395 4602 in
1433 4552 1627 4620 palatio
1659 4554 1735 4607 le-

142 4638 288 4689 gere
320 4624 511 4677 debent
548 4628 914 4693 livangeliuin,
938 4633 991 4677 et
1022 4625 1073 4677 in
1101 4625 1313 4677 basilica
1348 4622 1729 4690 Lateraneusi;

141 4702 210 4744 et
242 4693 336 4745 alii
392 4695 673 4748 «Ιιιοιιριὶιιι
725 4698 977 4749 diacones
1028 4694 1352 4762 regiouarii,
1418 4693 1503 4762 qui
1561 4695 1736 4747 solent

145 4763 509 4831 Evangelium
549 4769 723 4833 legere
751 4769 802 4818 in
834 4768 1149 4817 stationibus
1169 4764 1517 4818 ecclesiarum
1552 4762 1735 4818 llomte

139 4838 486 4888 Constitutis.
520 4837 604 4888 Isti
633 4837 817 4889 decem
847 4843 901 4887 et
926 4850 972 4887 oi
992 4844 1046 4887 to
1076 4835 1282 4888 diaconi
1314 4836 1531 4890 totidem
1562 4835 1737 4888 cci-le—

138 4906 265 4955 sias
302 4905 495 4958 habent
541 4906 675 4958 intra
709 4920 889 4958 muros
927 4908 1174 4958 civitatis.
1219 4906 1284 4959 Et
1333 4916 1509 4959 tamen
1548 4918 1735 4958 omnes

135 4985 284 5026 siint
336 4976 573 5029 canuiiici
626 4975 994 5043 patriarchalis
1045 4977 1272 5029 basilica:
1333 4978 1731 5030 Lateranensis.

136 5045 369 5114 Debent
389 5050 546 5097 etiam
581 5046 649 5099 ibi
680 5061 799 5099 esse
828 5055 1032 5114 septem
1061 5046 1370 5099 subdiaconi
1412 5046 1649 5114 palatini,
1682 5054 1736 5099 et

133 5113 341 5185 schola
385 5127 686 5182 cantorum,
737 5113 937 5169 scilicet
988 5117 1073 5168 alii
1126 5127 1328 5185 septem
1374 5113 1686 5171 subdiaconi
1716 5156 1731 5179 ,

132 5184 243 5254 qui
279 5196 537 5256 vocantur
576 5188 882 5255 regtiiiiarii.
922 5185 1007 5239 Isti
1049 5184 1246 5241 debent
1276 5190 1451 5256 legere
1480 5189 1736 5240 lectiones

134 5265 203 5309 et
235 5254 500 5324 epistolas
534 5258 585 5309 in
612 5254 928 5310 stationibus
954 5257 1136 5311 Roma:
1164 5254 1491 5311 constitutis.
1520 5259 1622 5310 Alii
1651 5271 1737 5309 se-

131 5334 333 5393 pteni,
374 5328 581 5381 scilicet
620 5330 805 5381 schola
853 5336 1156 5394 cantorum,
1187 5330 1347 5382 debet
1394 5342 1587 5381 canere
1619 5326 1741 5378 ol'li-

129 5396 323 5457 ciuin,
354 5398 479 5449 dum
506 5399 754 5451 dominus
772 5414 900 5465 papa
929 5400 1162 5451 ceiebrat
1187 5398 1395 5451 Missam
1430 5400 1480 5450 in
1512 5398 1741 5451 basilica

135 5467 534 5533 Lateraiieiisi,
575 5480 629 5521 et
674 5472 723 5521 in
770 5469 906 5520 aliis.
958 5468 1061 5521 Alii
1102 5484 1229 5522 vero
1276 5480 1496 5537 septem,
1523 5469 1739 5535 palatini

133 5537 455 5608 Epistulam
486 5539 681 5592 debent
724 5540 901 5608 legere
932 5538 982 5590 in
1032 5541 1227 5606 palatio
1273 5542 1337 5590 ad
1369 5538 1581 5592 Missam
1610 5552 1741 5604 apo-

128 5606 362 5667 SIUIICI,
386 5618 439 5660 et
465 5608 517 5661 in
543 5611 727 5662 eadem
760 5606 1096 5674 patriarchali
1128 5609 1345 5661 basilica
1372 5608 1739 5675 Lateranensi,

128 5692 253 5729 rice
285 5694 393 5731 non
420 5680 582 5732 etiam
604 5680 673 5731 ad
696 5684 880 5731 Missas
909 5681 1072 5745 ipsius
1094 5678 1393 5745 apostolici.
1417 5680 1553 5733 Sunt
1576 5682 1738 5731 etiam

1843 3366 2206 3429 pulcherrimo
2253 3378 2416 3432 Opere
2458 3375 2725 3429 ornatum,
2782 3379 2946 3432 super
2996 3368 3163 3419 altare
3201 3368 3413 3419 obtulit.

1842 3434 1971 3488 Inde
2018 3450 2123 3488 non
2156 3445 2279 3504 post
2324 3436 2544 3487 multum
2571 3442 2595 3468 ι*
2622 3443 3012 3488 sarantasinum
3056 3438 3316 3503 optimum
3347 3440 3412 3489 ad

1839 3504 2025 3559 altaris
2066 3517 2438 3559 ornauientmu
2468 3521 2483 3569 ;
2510 3506 2771 3573 ampullas
2810 3506 2972 3576 etiam
3004 3505 3135 3558 duas
3168 3522 3410 3576 magnas,

1841 3578 2097 3641 praeclaro
2126 3592 2292 3643 opere
2321 3580 2575 3643 scalptas,
2607 3584 2891 3642 argenteas
2920 3574 3206 3630 deauralas
3232 3574 3286 3630 in
3314 3582 3413 3630 iiii-

1838 3644 2062 3715 nisterio
2086 3648 2330 3701 saeiiticu
2365 3662 2515 3713 petis.
2548 3648 2667 3699 libr.
2696 3660 2770 3697 tv.
2795 3644 3046 3697 Condidit
3070 3662 3283 3715 quoque
3310 3648 3417 3715 pri-

1838 3714 2109 3782 vilegium,
2170 3718 2220 3768 in
2264 3733 2369 3783 quo
2416 3716 2632 3769 donavit
2683 3716 2806 3769 huic
2862 3715 3092 3768 basilica:
3133 3714 3415 3770 ecclesiam

1838 3796 2005 3835 sancti
2035 3786 2256 3837 Joannis
2297 3796 2421 3837 ante
2449 3789 2661 3837 l’ortani
2708 3784 2951 3837 Latinam
3000 3802 3120 3838 cum
3164 3788 3417 3841 omnibu<

1838 3865 1960 3918 qua:
2011 3857 2078 3906 ad
2139 3871 2289 3917 caui;
2318 3860 2623 3921 pertinent,
2680 3868 2888 3908 necnon
2945 3856 3209 3922 hospitale
3256 3856 3415 3925 juxta

1837 3933 2064 3989 portam.

1909 3992 1982 4046 Ibi
2016 4006 2181 4061 prone
2210 3994 2357 4062 jacet
2397 3994 2505 4046 Leii
2538 4008 2669 4061 papa
2703 3992 2765 4056 ν,
2798 4004 2853 4047 et
2892 3992 3152 4060 Agapitus
3181 4010 3310 4063 papa
3351 3998 3413 4059 II,

1834 4061 1985 4130 jus-a
2023 4061 2322 4131 sepulcrum
2368 4066 2506 4132 ejus.
2541 4065 2666 4117 luite
2709 4078 2801 4129 per
2827 4062 3089 4115 directum
3134 4070 3199 4116 ad
3231 4061 3418 4120 dexte-

1837 4147 1950 4185 ram
1972 4139 2115 4201 jacet
2135 4135 2405 4188 Paschalis
2442 4152 2572 4201 papa
2616 4136 2677 4197 Il,
2717 4134 2806 4201 qui
2844 4132 3045 4186 salubri
3079 4135 3410 4201 providentia

1836 4212 1892 4255 et
1917 4205 2095 4259 studio
2122 4207 2398 4259 renovavit
2445 4206 2685 4258 ordinem
2721 4203 3037 4257 canonicum
3093 4207 3145 4257 in
3178 4204 3278 4257 ista
3314 4207 3417 4260 Ec-

1836 4274 2039 4340 clesia;
2094 4275 2243 4344 juxta
2272 4292 2429 4343 quem
2473 4274 2615 4343 jacet
2660 4274 2891 4328 Calistus
2932 4289 3067 4342 papa
3098 4275 3161 4340 ll,
3193 4274 3283 4344 qui
3333 4291 3415 4331 re-

1841 4344 2093 4398 l'oimavit
2150 4361 2270 4400 cum
2325 4348 2645 4413 imperatore
2694 4345 2931 4403 Ilenrico.
2985 4360 3189 4413 pacem.
3246 4347 3413 4401 Sectis

1840 4414 2013 4478 ipsum
2047 4418 2334 4483 requiescit
2365 4417 2630 4470 Ilonorius
2660 4431 2791 4484 papa
2824 4415 2890 4481 ll,
2915 4417 2981 4467 ad
3014 4417 3208 4471 deinde
3251 4435 3414 4484 penes

1837 4484 1997 4537 istum
2025 4486 2342 4540 Ctetestiuus
2376 4503 2507 4555 papa
2552 4487 2615 4540 Il.
2649 4486 2775 4539 Inde
2806 4487 2858 4539 in
2892 4490 3099 4553 porticu
3124 4490 3418 4555 sepulturae

1840 4557 2079 4624 plurima:
2102 4558 2469 4626 episcoporum
2508 4558 2661 4611 i~tius
2691 4558 2963 4613 Ecelesi-e.
3000 4557 3055 4610 In
3084 4560 3270 4613 eadem
3293 4574 3423 4628 quo-

1841 4641 1944 4693 que
1976 4630 2176 4692 peitieu
2201 4628 2270 4697 jao.
2289 4640 2345 4682 et
2375 4629 2668 4683 Gerbertus
2704 4628 3028 4683 Itliemoruin
3056 4632 3423 4699 archiepisco—

1842 4712 1960 4763 pus,
1991 4700 2077 4764 qui
2108 4714 2237 4766 papa
2269 4701 2488 4753 ell'ectus
2516 4700 2774 4755 Silvcsier
2801 4709 2883 4751 est
2910 4700 3236 4767 appellatus;
3261 4702 3417 4769 cujus

1840 4783 1984 4834 saepe
2029 4779 2353 4835 sepulcrum,
2401 4772 2560 4822 etiam
2608 4770 2661 4820 in
2709 4769 3055 4822 serenissima
3101 4784 3245 4831 aere.
3295 4789 3415 4825 cum

1843 4854 1946 4889 non
1976 4848 2048 4889 Sit
2074 4842 2123 4890 in
2156 4840 2374 4891 humido
2420 4840 2561 4903 loco,
2603 4854 2861 4907 aquarum
2896 4848 3071 4906 guttas
3092 4840 3256 4908 (quod
3288 4845 3417 4895 satis

1841 4919 1923 4962 est
1950 4910 2249 4962 hominibus
2278 4911 2675 4977 admirantium)
2710 4909 2992 4962 visibiiitcr
3020 4923 3255 4963 emanat.

1913 4980 2041 5032 Iiiue
2069 4990 2150 5032 est
2176 4980 2342 5034 altare
2372 4992 2680 5033 sanctorum
2712 4997 2775 5032 xc
2809 4982 3094 5049 Martyrum
3128 4998 3293 5050 prope
3320 4984 3419 5035 hoc

1841 5049 2030 5121 altare.
2084 5055 2137 5102 lu
2187 5054 2307 5103 navi
2360 5054 2616 5105 Ecclesiae
2638 5055 2783 5119 jacet
2823 5051 3164 5106 Innocentius
3214 5049 3346 5121 papa
3381 5054 3421 5107 ll

1842 5120 1895 5172 in
1926 5124 2126 5173 conclia
2160 5124 2551 5191 porphyretica,
2577 5136 2697 5189 quae
2728 5122 2825 5174 fuit
2865 5122 3083 5175 Adriani
3127 5124 3419 5190 imperato-

1842 5192 1922 5242 ris
1947 5196 2240 5257 sepultura.
2276 5196 2368 5245 llic
2400 5194 2675 5246 renovavit
2721 5200 2918 5245 tectum
2960 5193 3120 5260 hujus
3165 5195 3420 5258 basilicae,

1845 5262 2074 5328 pr0priis
2124 5264 2375 5328 espensis
2425 5263 2578 5317 novis
2603 5264 2863 5326 trabibus,
2904 5277 3037 5330 quas
3076 5266 3343 5331 gloriosus
3368 5279 3425 5319 et

1845 5341 2033 5402 potens
2074 5335 2369 5401 ltiiggerius
2420 5334 2618 5387 SICIIIEB
2661 5350 2751 5387 rex
2794 5338 3040 5402 precibus
3085 5338 3197 5385 suis
3246 5337 3423 5388 eidem

1847 5401 2101 5456 Ecclesia:
2128 5406 2442 5467 transmisit,
2468 5406 2610 5471 quod
2644 5401 2893 5457 videlicet
2934 5413 3130 5457 tectum
3159 5420 3256 5457 suo
3288 5417 3425 5457 tein-

1849 5487 1980 5539 pore
2008 5475 2230 5539 cecidit,
2253 5490 2455 5542 suoque
2485 5486 2726 5542 tempore
2760 5484 3119 5528 restauratum
3152 5487 3255 5528 est.
3289 5476 3428 5530 Tur-

1848 5547 1947 5613 rim
1977 5546 2135 5597 etiam
2176 5561 2302 5598 ante
2342 5545 2661 5609 ecclesiam,
2694 5560 2816 5613 quae
2865 5562 3032 5598 ruina:
3066 5549 3238 5599 vicina
3282 5550 3429 5601 vide-

1846 5612 2024 5678 batur,
2079 5618 2325 5668 retiovari
2364 5615 2545 5683 jussit,
2587 5612 2745 5682 atque
2793 5630 2953 5683 quam
3006 5618 3257 5683 plurima,
3299 5621 3425 5670 dum

1848 5689 2000 5751 vixit,
2036 5686 2289 5739 Ecclesia:
2331 5692 2470 5739 dona
2502 5686 2569 5738 ad
2611 5694 2988 5740 ornamentum
3017 5688 3170 5740 altari
3207 5691 3423 5752 obtulit,

221 5828 245 5853 η
282 5816 449 5882 Infra,
499 5827 865 5870 iaraiitasmum
914 5820 980 5868 ad
1040 5820 1470 5887 cooperi’iiieiitiim
1519 5819 1737 5885 altaris;
1779 5820 1934 5890 paulo
1968 5818 2208 5889 ἰιιΐιςιὶυς,
2244 5832 2644 5890 sariiiitasmum,
2697 5838 2814 5891 quae
2845 5824 3072 5891 genuina
3114 5836 3233 5875 esse
3273 5822 3431 5874 lectio

126 5892 387 5951 vjdcl'tr.

565 5982 831 6041 Parnm.
880 5977 1221 6040 LXXVIII.

2894 5950 2961 6035 ti
