3990 6292
234 384 366 438 1589

1116 383 1205 439 AD
1244 380 1576 440 LIBELLOS
1612 382 1888 440 ORDINIS
1931 379 2190 435 ROMANI
2232 378 2593 435 APPENDIX.
3378 376 3482 423 που

228 501 356 558 tius,
394 504 616 551 sanctus
657 496 917 562 Dumnio,
962 507 1178 552 sanctus
1211 497 1522 553 Anastasius
1544 538 1560 562 ,
1593 507 1808 552 sanctus
1836 499 1884 558 Α
1914 494 2193 548 basilicam
2222 494 2533 555 Salvatoris,
2562 508 2681 561 qua!
2706 493 2999 561 appellatur
3020 492 3479 550 Constantiniana.

228 570 465 637 Maurus,
491 576 707 620 sanctus
730 568 991 637 Asterius,
1014 577 1227 622 sanctus
1252 567 1561 636 Septimius,
1592 575 1808 620 sanctus

226 634 400 693 Jélius
423 677 437 701 ,
487 646 701 691 sanctus
734 634 1116 693 Antiochianus
1137 677 1155 705 ,
1183 634 1397 693 sanctus
1422 637 1766 691 Paulinianus
1792 676 1805 699 ,

225 719 449 762 sanctus
474 706 729 761 Gaianas.

302 776 537 831 Tertium
566 791 693 830 vero
715 785 796 830 est
816 777 1103 831 oratorium
1131 786 1333 844 postea,
1366 776 1453 832 ubi
1480 776 1654 831 fontes
1682 787 1808 831 sunt

230 846 375 901 inter
392 846 497 899 duo
524 847 729 900 altaria.
764 846 936 901 Unum
968 857 1049 901 est
1072 848 1238 901 sancti
1264 847 1486 901 Joannis
1516 848 1767 913 Baptislte
1792 888 1805 909 ,

226 916 379 987 aliud
398 923 485 969 est
513 916 927 987 sanctiloannis
958 918 1325 987 Evangelistae.
1362 916 1558 987 Fontes
1582 927 1703 969 sunt
1727 931 1808 987 ro-

233 984 581 1057 tundi,inler
619 984 894 1057 columnas
935 984 1334 1057 porphyreticas
1371 986 1526 1057 positi
1554 987 1605 1057 in
1635 986 1809 1040 medio

227 1055 508 1118 Ecclesiae,
547 1070 664 1122 qua;
691 1055 912 1123 pulchra
947 1069 1025 1108 est
1055 1054 1121 1110 et
1146 1055 1393 1118 rotunda,
1424 1056 1513 1109 ubi
1543 1054 1807 1109 Constan-

228 1125 332 1178 tini
362 1125 701 1193 imperatoris
725 1126 824 1177 fuit
852 1138 1083 1179 camera.
1115 1126 1354 1178 Oratoria
1386 1140 1516 1178 vero
1548 1126 1659 1193 ipSa
1685 1165 1701 1190 ,
1733 1125 1810 1178 vi-

224 1192 618 1249 delicet’sancti
640 1193 860 1248 Joannis
887 1192 1139 1261 Baptistae
1160 1203 1214 1247 et
1240 1194 1379 1247 beati
1405 1192 1623 1248 Joannis
1648 1210 1811 1248 evan-

225 1264 459 1331 gelistaz,
504 1279 534 1315 c
572 1265 793 1333 regione
838 1264 963 1333 hinc
1011 1264 1135 1317 inde
1184 1263 1463 1329 disposita,
1511 1263 1812 1317 construxit

226 1333 459 1388 llilarius
482 1331 900 1406 {Al.,'llilartts]
926 1336 1063 1406 papa
1092 1374 1114 1406 ,Α
1137 1349 1257 1406 qua:
1280 1334 1490 1406 ornavit
1519 1334 1695 1385 omnia
1743 1347 1808 1406 es

223 1414 451 1467 argento
484 1402 551 1458 ‘et
583 1404 845 1472 lapidibus
888 1402 1167 1467 pretiosis.
1207 1402 1610 1455 Conl‘essioneut
1642 1402 1810 1454 sancti

222 1472 452 1527 Joannis
501 1475 751 1541 Baptista:
782 1488 846 1527 ex
878 1484 1100 1541 argento
1131 1480 1439 1540 pendentem
1490 1473 1560 1525 lib
1595 1510 1609 1525 .
1649 1485 1678 1525 c
1704 1511 1719 1535 ,
1758 1479 1812 1525 et

222 1558 441 1598 crucem
460 1558 694 1608 auream,
722 1553 776 1598 et
799 1547 848 1597 in
872 1542 1132 1596 ainbobus
1158 1544 1407 1596 oratoriis
1437 1542 1623 1608 januas
1643 1555 1811 1595 aereas

224 1622 453 1681 argento
482 1615 711 1668 clausas.
740 1614 878 1667 Ante
903 1612 1293 1667 confessionem
1335 1626 1590 1665 coronam
1621 1626 1812 1679 argen-

229 1694 373 1737 team
406 1692 715 1749 pensantem
766 1683 885 1737 libr.
917 1699 983 1735 xx
1012 1723 1023 1741 ,
1072 1682 1241 1736 larum
1274 1696 1549 1735 caularum
1584 1696 1812 1749 pensan-

225 1761 338 1807 tem
374 1753 493 1805 libr.
527 1768 648 1805 xxv.
675 1753 802 1806 ltetn
827 1758 890 1805 ad
917 1761 1159 1805 sanctum
1192 1752 1450 1806 Joannem
1485 1753 1627 1805 intus
1656 1766 1812 1804 sanc-

224 1830 343 1875 tum
375 1823 573 1875 fontem
621 1823 889 1875 lucernam
939 1838 1154 1876 auream
1205 1836 1325 1876 cum
1378 1822 1728 1875 inoluminum
1778 1836 1806 1873 κ

226 1902 545 1960 pensantem
595 1893 715 1945 libr.
742 1908 791 1955 v,
822 1893 1005 1945 turrim
1035 1901 1346 1961 argenteam
1390 1907 1511 1944 cum
1543 1891 1810 1957 delphinis

223 1972 541 2027 pensantem
589 1961 711 2015 libr.
758 1979 844 2027 ιιι,
888 1962 1189 2017 columbam
1232 1976 1450 2016 auream
1494 1976 1693 2027 pensan
1722 1975 1806 2014 em

222 2030 355 2085 libr.
384 2047 439 2085 ιι.
468 2030 615 2102 Fecit
653 2033 812 2086 etiam
871 2031 1063 2086 ibidem
1089 2073 1103 2097 ,
1133 2047 1320 2102 prope,
1350 2031 1519 2102 sanct_i
1553 2031 1809 2102 Stephani

227 2101 614 2155 nionasterium
646 2103 697 2154 in
730 2102 1039 2169 baptisteria
1070 2099 1434 2156 La'teranensi.
1479 2099 1627 2155 Fecit
1657 2109 1711 2154 ct
1755 2101 1805 2153 in

226 2171 420 2223 eodem
465 2173 583 2224 loco
628 2171 974 2226 bibliothecas
998 2173 1152 2226 duas.
1188 2172 1314 2225 lizec
1341 2182 1520 2225 autem
1550 2171 1728 2224 omnia
1757 2170 1807 2222 in

224 2240 447 2294 basilica
492 2242 934 2296 Constantiniana
961 2241 1027 2296 ad
1072 2254 1310 2297 sanctam
1356 2242 1574 2295 Mariam
1603 2242 1805 2296 consti-

228 2318 345 2363 tuta
376 2312 636 2380 reposuit.

223 2421 369 2477 χιιι.
400 2421 477 2477 De
515 2423 754 2479 Oratorio
784 2433 975 2479 sancta
1006 2423 1184 2480 Crucis
1207 2463 1224 2490 ,
1249 2434 1295 2478 et
1328 2424 1635 2478 ornamentis
1674 2426 1806 2495 ejus.

304 2535 559 2601 Quartum
589 2550 715 2590 vero
746 2536 1084 2606 postmodum
1116 2548 1313 2594 sanctre
1344 2537 1533 2593 Crucis
1574 2548 1655 2594 est
1684 2552 1809 2592 ora-

226 2606 429 2658 torium
456 2645 471 2669 ,
518 2607 571 2660 in
596 2621 700 2676 quo
728 2607 967 2675 ejusdem
1016 2618 1215 2664 sanctae
1246 2607 1431 2662 Crucis
1459 2608 1683 2662 multum
1729 2618 1814 2662 est

226 2676 756 2748 sanctuarium.‘lhi,
789 2678 1023 2733 dictante
1052 2679 1260 2748 angelo,
1286 2680 1473 2733 beatus
1506 2693 1639 2746 papa
1670 2678 1808 2748 Gre-

224 2745 427 2817 gorius
468 2745 908 2815 Antiphouarium
961 2759 1015 2802 et
1053 2745 1219 2802 multa
1262 2749 1366 2802 alia
1411 2748 1647 2817 scripsit.
1700 2747 1813 2802 Iloc

225 2815 522 2886 oratorium
578 2818 799 2870 multum
850 2827 936 2872 est
982 2818 1438 2886 pulcherrimum,
1489 2815 1541 2871 in
1593 2818 1808 2871 modum

226 2885 408 2957 crucis
435 2884 630 2957 factum
660 2926 675 2951 ,
705 2885 771 2940 de
817 2884 1023 2942 musivo
1051 2889 1362 2943 decoratum
1390 2929 1405 2953 ,
1438 2887 1581 2957 quod
1608 2904 1637 2941 a
1670 2902 1808 2953 prie-

228 2953 379 3025 dicto
408 2970 538 3024 papa
562 2955 760 3009 llilario
784 2957 881 3010 luit
900 2959 1268 3021 constitutum,
1301 2963 1351 3012 in
1382 2953 1489 3025 quo
1514 2959 1623 3024 pari
1650 2959 1810 3010 modo

229 3024 457 3097 plurima
474 3025 626 3097 dona
649 3026 860 3080 obtulit.
884 3026 1284 3083 Conlessitnieui
1312 3068 1327 3091 ,
1351 3024 1441 3082 ubi
1468 3030 1664 3097 lignum
1689 3044 1813 3080 cru-

228 3094 312 3147 cis
337 3095 532 3167 posuit,
557 3110 675 3150 cum
698 3111 857 3151 cruce
878 3112 1037 3151 aurea
1061 3110 1115 3151 et
1143 3099 1367 3167 gemmis
1391 3138 1406 3162 ,
1435 3094 1554 3166 qua:
1586 3107 1813 3165 pensant

230 3165 441 3230 pondus
468 3166 587 3221 libr.
631 3182 720 3220 xx.
766 3167 818 3237 In
864 3165 1201 3222 confessione
1240 3165 1539 3237 jannas’ex
1592 3180 1811 3237 argento

228 3244 522 3301 pensantes
551 3239 755 3303 pondus
786 3236 971 3307 lihrar.
1001 3254 1058 3303 i.;
1102 3236 1259 3307 supra
1302 3236 1692 3292 Confessionetn
1720 3252 1813 3291 ar-

226 3316 354 3357 cum
378 3319 798 3377 aureumpens.
832 3306 925 3361 lib.
959 3322 1014 3361 ιν
1040 3347 1057 3373 ,
1087 3306 1243 3377 quem
1298 3319 1508 3374 portant
1547 3308 1813 3361 columnae

226 3374 554 3447 onychinw,
613 3376 771 3445 572
828 3378 915 3429 ubi
967 3387 1070 3432 stat
1105 3374 1309 3447 'aguus
1341 3392 1536 3431 aurtus
1582 3392 1815 3446 pensans

227 3442 357 3496 libr.
386 3442 982 3507 ιιςοοιοιῖιιῖιΓυιιιεςιιη
1023 3442 1600 3511 ειιιίουιιΐεεείοηειιιζ
1643 3449 1812 3501 tarum

126 3524 133 3527 ‘
226 3526 361 3566 cum
414 3512 678 3586 delphinis
727 3528 876 3586 pens.
923 3517 1045 3569 libr.
1096 3530 1163 3582 v;
1221 3520 1491 3586 lampadas
1532 3532 1721 3571 aureas
1763 3533 1815 3570 tv

227 3593 394 3650 pens.
429 3582 551 3636 libr.
582 3597 621 3637 ιι
649 3599 663 3648 ;
698 3583 1021 3653 nympheum
1046 3624 1061 3649 ,
1089 3594 1145 3639 et
1174 3582 1506 3653 triporticum
1537 3597 1661 3639 ante
1690 3602 1813 3641 ora-

227 3653 431 3724 torium
458 3661 656 3707 sancta:
698 3652 880 3707 Crucis
904 3694 919 3718 ,
946 3653 1037 3707 ubi
1067 3664 1190 3724 sunt
1231 3652 1492 3708 Columna:
1519 3664 1815 3724 exatopen-

228 3721 478 3793 talaicas,
499 3732 553 3777 et
572 3726 807 3778 conchas
835 3726 1057 3779 striatas
1085 3723 1218 3777 duas
1245 3739 1365 3793 cum
1398 3724 1663 3778 columnis
1684 3721 1813 3793 por-

229 3791 530 3863 phyreticls
577 3793 811 3863 ragiatis
840 3794 1025 3849 foratis
1071 3809 1260 3862 aquam
1313 3790 1600 3849 tundentes
1626 3832 1640 3856 ,
1680 3790 1735 3848 et
1764 3794 1816 3863 in

228 3861 417 3934 medio
459 3861 1099 3934 lacum'porphyreticum
1122 3861 1261 3918 cum
1294 3865 1500 3918 concha
1544 3872 1729 3934 ansats
1760 3862 1815 3917 iu

230 3930 417 3984 medio
465 3946 657 4000 aquam
702 3930 974 3999 fundente,
1024 3934 1346 3988 circumdata
1395 3950 1423 3987 a
1473 3933 1686 3988 dextris
1734 3935 1818 3988 vel

231 4000 473 4053 sinistris
501 4002 551 4054 in
579 4003 751 4055 medio
780 4004 1032 4057 cancelli~~
1061 4007 1236 4069 :creis,
1268 4006 1532 4059 eoluuittis
1560 4019 1681 4058 cum
1716 4007 1821 4059 las-

235 4070 383 4138 :igiis
413 4079 467 4125 et
496 4074 761 4139 epismltis
789 4113 803 4136 ,
836 4074 1067 4142 titulique
1097 4084 1344 4129 ornatum
1386 4091 1448 4129 ex
1485 4074 1693 4129 musivo
1718 4115 1736 4141 ,
1765 4084 1821 4129 et

234 4142 509 4214 columnis
538 4144 878 4214 aJUllalliClS,
912 4155 965 4195 et
993 4144 1245 4212 tripolitis
1269 4185 1285 4209 ,
1313 4154 1368 4199 et
1400 4146 1818 4214 porphyreticrs.

240 4209 341 4262 Est
369 4211 556 4282 iterum
582 4211 703 4265 huc
727 4214 961 4266 oratorio
991 4209 1122 4267 satis
1150 4209 1446 4282 proximum
1477 4209 1621 4269 aliud
1653 4215 1821 4269 sancti

237 4292 398 4354 papa:
428 4280 668 4354 Gregorii
695 4286 1010 4348 oratorium,
1045 4284 1130 4337 ubi
1153 4280 1328 4354 usque
1360 4286 1515 4339 hodie
1543 4300 1565 4319 ιι
1597 4285 1823 4340 lectulus

235 4347 299 4401 in
329 4363 433 4414 quo
465 4350 579 4414 ipse
608 4361 824 4405 sanctus
848 4347 1053 4408 solebat
1092 4347 1392 4423 quiescere,
1425 4355 1640 4411 videtur
1670 4356 1821 4427 juxta

235 4432 393 4471 aram
424 4432 755 4487 permanere.

379 4507 517 4563 XIV.
560 4508 638 4563 De
664 4511 876 4565 ecclesia
913 4515 1075 4567 sancti
1100 4514 1369 4570 Laurentii
1397 4517 1447 4569 in
1475 4518 1686 4587 palatio.

322 4597 566 4675 ln__sai~ro
594 4618 823 4675 namque
852 4604 1047 4671 palatio
1089 4616 1170 4659 est
1197 4609 1462 4675 quoddam
1488 4610 1658 4664 sancti
1690 4610 1829 4664 Lau-

240 4670 411 4748 τοιιιίι
449 4670 761 4748 oratorium,
796 4675 846 4726 iu
874 4690 979 4748 quo
1013 4676 1109 4729 tria
1148 4670 1484 4748 sanctissima
1515 4689 1828 4748 computau-

243 4750 337 4792 tur
364 4742 573 4819 altaria.
607 4742 840 4819 Primum
873 4742 925 4798 iii
975 4760 1095 4799 arca
1142 4746 1451 4817 cypressina
1479 4789 1493 4812 ,
1528 4742 1684 4819 quam
1717 4750 1827 4806 Leo

242 4822 386 4878 papa
419 4810 481 4864 ΙΙΙ
513 4814 749 4884 condidit
772 4854 787 4878 ,
820 4824 926 4869 tres
952 4829 1126 4884 capsae
1159 4810 1301 4870 sunt.
1341 4819 1394 4871 In
1437 4810 1560 4873 una'
1582 4829 1666 4874 est
1694 4837 1822 4875 crux

241 4884 319 4933 de
357 4893 491 4959 auro
536 4883 825 4959 purissimo
872 4883 1127 4959 adornata
1181 4902 1405 4956 gemmis
1456 4899 1511 4943 et
1559 4890 1824 4959 lapidibus

242 4950 498 5029 pretiosis
519 4950 613 5029 {id
644 4964 726 5008 est
757 4956 1105 5029 hyacinthis,
1132 4950 1536 5029 et'smaragdis,
1564 4950 1626 5014 et
1649 4964 1821 5029 prasi-

242 5021 354 5072 llis.
390 5020 443 5074 In
478 5021 646 5078 media
674 5020 833 5078 cruce
862 5035 944 5078 est
968 5027 1248 5080 umbilicus
1270 5020 1472 5082 domini
1502 5020 1669 5083 nostri
1693 5030 1823 5085 Jesu

241 5086 471 5169 Christi;
499 5102 555 5169 et
578 5094 809 5162 desuper
835 5105 917 5149 est
963 5096 1175 5152 inuncta
1206 5097 1444 5151 balsamo
1469 5138 1483 5159 ,
1517 5110 1571 5153 et
1599 5101 1822 5169 singulis

242 5161 406 5214 annis
432 5161 819 5239 eademunetlo
852 5177 1155 5239 renoyatur,
1186 5172 1398 5236 quando
1419 5169 1665 5224 dominus
1685 5161 1820 5239 papa

242 5243 370 5282 cum
403 5235 763 5288 cardinalibus
809 5237 934 5289 facit
976 5237 1372 5292 Processioneiu
1404 5241 1455 5293 in
1490 5235 1823 5293 Exaltatione

242 5311 450 5356 sancta:
480 5304 668 5359 Crucis
708 5307 777 5359 ab
805 5306 918 5375 ipsa
964 5308 1190 5361 ecclesia
1236 5311 1405 5363 sancti
1458 5310 1724 5365 Laurentii
1767 5310 1823 5363 in

324 5448 351 5477 ιι
382 5441 554 5515 Alium
584 5440 822 5515 Gregorii
856 5446 1046 5499 lectum
1079 5457 1339 5501 memorat
1367 5449 1680 5503 Anas1asius
1731 5448 1830 5503 suh

249 5512 413 5584 tinem
442 5512 567 5584 vita:
590 5512 843 5584 Stephani
880 5515 964 5579 Vl,
998 5531 1117 5569 cum
1149 5517 1326 5570 laudat
1369 5520 1652 5572 oratorium
1701 5520 1832 5573 benti

246 5580 506 5651 Gregorii,
530 5584 615 5656 ubi
643 5580 754 5656 ejus
783 5586 938 5638 lectus
957 5584 1192 5651 habetur,
1220 5592 1370 5653 iur-:0
1391 5590 1654 5642 ecclesiam
1679 5587 1833 5643 Priu-

246 5653 769 5776 ςὶιεῗιᾳρῗδιοιοὴιηι.
809 5656 1003 5710 Verum
1051 5657 1123 5711 ibi
1174 5659 1288 5711 lecti
1334 5660 1549 5713 nomine
1600 5660 1832 5715 tumulus

247 5737 303 5776 ιιι
349 5743 361 5774 2
408 5739 473 5776 tm
502 5740 581 5776 ur.

247 5723 581 5777 itttcllitn'lttr.

325 5793 352 5832 δ
396 5786 450 5848 [ἃ
480 5802 562 5849 est
602 5793 783 5850 Sixtus
811 5798 1020 5866 tertius,
1067 5806 1296 5855 testante
1328 5800 1463 5855 libro
1494 5799 1829 5856 Pontiﬁcum.

1915 565 1979 618 Et
2011 564 2061 616 in
2094 565 2195 617 alia
2226 578 2387 631 capsa
2413 574 2664 630 argentea
2710 574 2763 619 et
2800 564 3051 617 deaurata
3090 577 3211 615 cum
3246 563 3484 617 historiis

1910 642 1996 687 est
2024 649 2158 687 crux
2190 634 2257 687 de
2285 635 2478 687 smaltn
2508 632 2712 701 depicta
2744 676 2758 699 ,
2803 641 2857 687 et
2908 636 3040 687 infra
3090 646 3308 698 capsum
3336 632 3483 687 illam

1912 712 1996 757 est
2022 717 2156 757 crux
2176 703 2387 757 Domini
2418 706 2585 757 nostri
2614 703 2738 757 Jesu
2769 702 2987 767 Clu-isti;
3018 711 3071 757 et
3095 702 3147 755 in
3180 703 3331 756 tertia
3363 718 3490 771 cap-

1909 787 1990 835 sa,
2021 788 2139 841 qua:
2174 784 2261 827 est
2288 783 2565 841 argentea,
2622 784 2746 827 sunt
2775 775 3038 838 sandalia,
3087 772 3138 826 id
3174 782 3258 827 est
3295 774 3485 826 calcia-

1911 852 2089 896 menta
2114 881 2129 904 ,
2163 842 2373 896 Domini
2416 844 2580 899 nostri
2630 843 2756 897 Jesu
2785 842 3006 897 Christi.
3054 842 3150 896 Est
3199 844 3387 897 iterum
3420 845 3489 897 ibi

1909 912 2012 983 alia
2043 925 2201 979 capsa
2225 913 2500 983 deaurata,
2530 913 2618 967 ubi
2641 922 2724 969 est
2752 915 2818 968 de
2844 915 2984 983 ligno
3021 913 3110 967 illo
3140 923 3337 967 sancta:
3360 913 3489 965 Cru-

1909 981 2010 1045 cis,
2041 997 2198 1050 quam
2234 982 2475 1036 Eraclius
2515 983 2725 1037 ἀο-γίοιο
2767 981 3005 1038 Chosroe
3051 998 3234 1037 secum
3278 982 3395 1036 tulit
3423 984 3491 1036 de

1914 1049 2157 1115 Perside,
2192 1068 2292 1104 una
2322 1067 2442 1107 cum
2468 1069 2691 1116 corpore
2712 1056 2883 1107 saucii
2915 1054 3181 1107 Anastasii
3212 1052 3485 1120 martyris,

1912 1131 1967 1174 et
1988 1131 2070 1174 est
2096 1121 2146 1174 in
2169 1126 2358 1185 altare,
2391 1125 2529 1190 quod
2555 1123 2621 1177 ibi
2654 1133 2737 1177 est
2767 1125 2937 1179 sancti
2967 1123 3235 1177 Laurentii
3258 1124 3324 1176 de
3349 1138 3491 1175 mar-

1916 1205 2085 1263 more.
2120 1191 2192 1244 lbi
2230 1200 2321 1263 est
2350 1194 2509 1245 etiam
2543 1193 2817 1246 brachium
2840 1196 3010 1247 sancti
3037 1193 3255 1247 Cmsarii
3288 1202 3489 1263 marty-

1918 1259 2010 1320 ris,
2040 1274 2161 1312 os<a
2211 1261 2317 1314 duo
2358 1263 2528 1315 sancti
2571 1263 2789 1316 Joannis
2828 1264 3101 1329 Baptistae,
3130 1272 3181 1315 et
3223 1277 3285 1315 os
3329 1259 3491 1316 unum

1914 1330 2085 1400 sancti
2114 1328 2446 1400 Hieronymi,
2476 1341 2529 1383 et
2556 1334 2758 1391 spatula
2783 1328 2951 1385 sancti
2985 1331 3221 1400 Dionysii
3254 1333 3493 1399 Areopa-

1914 1397 2040 1469 gitae
2064 1436 2079 1459 ,
2108 1406 2161 1469 et
2188 1397 2338 1469 osde
2368 1415 2522 1452 crure
2549 1402 2716 1452 sancti
2740 1401 2993 1468 Stephani
3021 1397 3167 1469 papie
3194 1444 3208 1466 ,
3242 1411 3295 1452 et
3323 1397 3493 1454 sancti

1917 1464 2146 1520 Damasii
2168 1468 2429 1535 reliquiae,
2451 1478 2502 1521 ct
2532 1464 2849 1523 sanctorum
2868 1464 3034 1523 Primi
3056 1464 3110 1523 et
3135 1464 3412 1535 Feliciani,
3444 1480 3501 1523 et

1916 1545 2084 1604 caput
2118 1547 2317 1590 sanctae
2364 1538 2621 1593 Praxelis
2643 1579 2657 1599 ,
2704 1550 2758 1591 et
2786 1542 2994 1593 Sanctze
3025 1541 3319 1592 Anastasius
3366 1541 3491 1594 reli-

1918 1610 2057 1678 quias
2086 1621 2208 1678 cum
2240 1606 2358 1661 aliis
2390 1610 2569 1678 munis
2591 1650 2605 1673 ,
2649 1617 2703 1662 et
2744 1620 3045 1663 sanctarum
3082 1608 3301 1678 Agapte,
3334 1610 3500 1663 Chio-

1918 1676 2048 1748 niag,
2071 1677 2385 1748 etllirenaz,
2418 1676 2579 1731 Pistis
2610 1687 2663 1731 ct
2708 1679 2890 1747 llclpis
2918 1676 3222 1748 virginum,
3258 1679 3414 1734 Nerei
3442 1689 3501 1733 et

1918 1746 2169 1810 Achillei,
2199 1747 2397 1801 Prisca:
2428 1756 2481 1801 et
2513 1748 2737 1815 Aquilae.
2767 1750 2894 1802 Item
2927 1746 3043 1801 sunt
3080 1748 3149 1801 ibi
3174 1749 3411 1816 reliquiae
3433 1750 3501 1803 de

1919 1831 2055 1883 genu
2088 1818 2258 1870 sancti
2284 1817 2507 1870 Tiburtii
2537 1818 2625 1870 lilii
2651 1819 2929 1873 Cromatii.
2960 1820 3012 1872 In
3038 1821 3137 1871 hac
3164 1820 3348 1871 eadem
3377 1833 3499 1871 area

1916 1887 2226 1955 cypressina
2255 1896 2336 1941 est
2360 1888 2510 1955 panis
2542 1902 2677 1942 unus
2699 1888 2878 1944 C(ena:
2902 1890 3132 1951 Domini,
3159 1900 3212 1941 ct
3241 1888 3495 1955 tredecip.

1915 1943 2279 2009 d'e'lenticulis
2311 1943 2552 2026 ej'usdem
2595 1959 2797 2021 (Σωιιω,
2829 1968 2883 2013 et
2924 1943 2992 2012 de
3022 1943 3285 2012 aruinline
3311 1999 3325 2023 ,
3354 1968 3408 2011 et
3435 1943 3498 2011 de

1913 2026 2133 2097 spongia
2166 2040 2284 2079 cum
2317 2027 2575 2097 acetoiad
2615 2044 2676 2081 os
2710 2028 2917 2083 Domini
2966 2027 3158 2095 posita,
3188 2039 3242 2081 et
3293 2028 3492 2097 lignum

1912 2095 1979 2147 de
2008 2109 2310 2164 sycomoro,
2346 2097 2430 2150 ubi
2460 2096 2712 2152 Zachazus
2736 2098 2997 2152 ascendit.

1985 2164 2050 2238 Et
2078 2168 2365 2238 superhoe
2396 2168 2563 2221 altare
2601 2177 2685 2222 est
2708 2169 2882 2238 imago
2914 2166 3211 2223 Salvatoris
3239 2167 3500 2221 mirabili-

1916 2242 1997 2308 ter
2016 2234 2223 2308 depicta
2248 2236 2301 2290 in
2324 2243 2551 2308 quadam
2577 2237 2775 2303 tabula,
2800 2234 2959 2308 quam
2982 2238 3152 2291 Lucas
3175 2238 3498 2306 evangeliSta

1913 2304 2237 2377 designayit,
2271 2307 2368 2377 sed
2410 2308 2581 2377 virtus
2614 2304 2831 2362 Domini
2853 2310 3097 2377 angelico
3140 2304 3357 2377 perl‘ecit
3385 2309 3495 2360 olli-

1912 2374 2037 2439 cio;
2072 2375 2231 2445 573
2264 2375 2553 2448 sub‘cujus
2602 2379 2823 2445 pedibus
2864 2374 3191 2447 iii—quadam
3236 2378 3501 2448 pretioso-

1913 2459 2031 2499 rum
2084 2448 2321 2518 lapidum
2362 2445 2522 2518 linea,
2557 2448 2775 2518 pignora
2830 2445 2993 2518 hujus
3034 2445 3325 2518 sanctuarii
3374 2458 3499 2502 sunt

1914 2515 2213 2580 recondita,
2241 2530 2467 2582 quorum
2500 2515 2632 2571 ista'
2653 2526 2778 2572 sunt
2827 2515 3037 2572 nomina
3072 2535 3086 2571 :
3122 2516 3279 2584 Lapis
3312 2520 3361 2571 in
3394 2534 3500 2585 quo

1913 2585 2158 2656 consedit
2184 2596 2368 2640 sancta
2408 2586 2567 2641 Maria
2592 2604 2607 2654 ;
2637 2589 2777 2656 lapis
2806 2589 2875 2644 de
2902 2600 3087 2642 sancto
3126 2587 3380 2651 Jordaue,
3410 2589 3501 2642 ubi

1914 2654 2066 2729 sedit
2107 2654 2535 2729 Dominusdum
2592 2654 2981 2729 baptizaretur;
3028 2656 3161 2729 lapis
3204 2658 3271 2712 de
3316 2667 3498 2711 sancta

1917 2723 2227 2778 Bethlchem
2255 2741 2269 2789 ;
2298 2726 2430 2793 lapis
2447 2728 2516 2781 de
2548 2723 2728 2783 monte
2755 2729 2963 2793 Oliveti,
2996 2727 3083 2781 ubi
3114 2730 3365 2780 Dominus
3382 2743 3505 2780 ora-

1918 2794 2003 2867 vit
2020 2795 2083 2846 ad
2107 2794 2312 2867 Patrem
2333 2813 2348 2861 ;
2372 2808 2553 2851 sancta
2578 2809 2722 2866 petra
2743 2801 2793 2853 in
2816 2815 2917 2867 qua
2948 2798 3398 2866 seditaugclusad
3417 2812 3501 2852 se—

1916 2863 2194 2935 pulcrum;
2221 2865 2288 2919 de
2315 2878 2498 2920 sancta
2516 2863 2787 2934 columna,
2804 2863 2889 2924 ubi
2913 2863 3290 2923 Dominus'luit
3312 2869 3507 2935 ligatus

1915 2934 2294 3003 etllagellatuv,
2311 2935 2378 2991 de
2395 2939 2639 3005 sepulcro
2664 2939 2891 3005 Domini,
2912 2939 2997 2993 tibi
3022 2953 3243 3006 corpore
3266 2934 3508 2991 mortuus

1916 3006 2314 3077 requievit;_de
2346 3008 2548 3069 lancea,
2580 3024 2681 3076 qua
2715 3011 2813 3063 fuit
2845 3011 2981 3063 latus
3011 3008 3219 3062 Domini
3258 3009 3501 3077 perfora-

1918 3086 2030 3146 tum
2058 3091 2072 3137 ;
2104 3076 2171 3129 de
2203 3075 2345 3142 ligno
2394 3078 2570 3132 crucis
2600 3075 2854 3145 Domini;
2905 3078 2973 3134 de
3017 3078 3132 3131 loco
3183 3075 3271 3146 qui
3317 3078 3510 3132 dicitur

1916 3144 2319 3210 Lithostrmos;
2375 3147 2443 3200 de
2488 3148 2748 3202 Calvarite
2788 3151 2946 3214 loco;
2998 3144 3373 3202 sancta—silex
3425 3150 3512 3202 ubi

1839 3209 1888 3271 C
1924 3215 2178 3268 Dominus
2200 3218 2457 3288 conditus
2487 3228 2601 3288 est;
2636 3221 2769 3288 lapis
2799 3221 2866 3273 de
2890 3209 3072 3273 tuente
3102 3221 3229 3274 Sion
3255 3235 3269 3284 ;
3294 3212 3433 3286 lapis
3456 3219 3509 3272 in

1920 3299 2027 3353 quo
2064 3286 2316 3339 Dominus
2341 3286 2747 3359 transﬁguratus
2773 3290 2927 3344 estin
2951 3298 3169 3353 monte;
3212 3289 3413 3359 lignum
3439 3290 3509 3341 dc

1919 3365 2136 3428 sancto
2158 3370 2397 3428 praesepe
2441 3358 2675 3423 Domini,
2704 3359 2756 3412 in
2784 3374 2890 3428 quo
2922 3372 3052 3427 puer
3079 3367 3234 3412 natus
3264 3358 3372 3412 ’l'uit
3413 3373 3506 3427 po-

1918 3428 2087 3498 situs;
2123 3425 2261 3495 lapis
2291 3427 2358 3481 de
2403 3438 2584 3482 monte
2613 3428 2763 3497 Sina,
2797 3425 2885 3484 ubi
2925 3425 3009 3484 lex
3042 3428 3138 3483 fuit
3167 3428 3325 3493 data;
3375 3425 3512 3498 lapis

1917 3494 1983 3550 de
2010 3494 2258 3562 sepulCrn
2279 3508 2479 3551 sancta:
2510 3498 2710 3552 Mariae.

1990 3565 2047 3618 ln
2091 3567 2198 3620 alio
2242 3582 2367 3621 vero
2408 3570 2563 3621 altari
2612 3568 2853 3635 ejusdem
2898 3568 3117 3622 oratorii
3169 3578 3290 3621 sunt
3338 3567 3514 3636 capita

1918 3644 2225 3689 sanctorum
2253 3642 2618 3705 aposnilormn
2649 3639 2787 3694 Petri
2818 3648 2874 3694 et
2904 3639 3075 3704 Pauli,
3109 3649 3157 3693 et
3190 3638 3368 3707 capita
3390 3654 3515 3693 san-

1920 3715 2124 3779 etaruru
2159 3707 2376 3779 Agnetis
2406 3719 2459 3761 et
2490 3711 2743 3764 Eulentia:
2766 3713 3060 3779 virginum.

1994 3772 2047 3823 ln
2076 3772 2250 3848 tertio
2280 3791 2408 3829 vero
2446 3790 2570 3831 sunt
2595 3772 2875 3833 carbones
2902 3779 3108 3848 aspersi
3148 3777 3217 3831 de
3261 3780 3518 3847 sanguine

1920 3841 2089 3917 sancti
2136 3844 2429 3917 Laurentii,
2482 3854 2538 3899 et
2580 3848 2646 3901 de
2692 3862 2874 3917 amna
2920 3841 3162 3916 corporis
3189 3852 3334 3917 ejus.
3364 3841 3519 3907 'Sunt

1922 3911 2080 3985 etiam
2136 3913 2188 3964 in
2245 3914 2432 3967 eodem
2488 3931 2582 3969 ora
2607 3918 2721 3968 orio
2783 3911 3033 3985 reziquite'
3070 3911 3378 3974 sanctorum
3442 3937 3511 3976 at.

1924 3979 2238 4051 Martyrum,
2270 3986 2667 4053 multorumque
2698 3979 2946 4039 aliorum.

2024 4094 2141 4149 XV.
2184 4094 2263 4151 Be
2295 4099 2506 4152 ecclesia
2550 4110 2742 4174 sancta:
2789 4098 2973 4174 μαι-ξω
3018 4100 3239 4174 Majoris
3279 4112 3325 4156 et
3364 4105 3428 4158 de

2436 4172 2725 4222 sunctuario
2750 4171 3002 4240 ejusdem.

2000 4259 2237 4335 Ecclesia
2260 4270 2463 4335 sancta:
2486 4261 2664 4335 Marizu
2688 4260 2924 4335 Majiirif,
2955 4278 3108 4330 quam
3133 4262 3360 4318 Sistush
3382 4280 3517 4335 papa

1922 4331 2107 4401 junior
2133 4332 2438 4395 mdilicavit,
2465 4348 2621 4397 quam
2648 4332 2919 4386 l’aschalis
2952 4348 3079 4402 papa
3114 4331 3410 4400 renovavit,
3442 4331 3521 4390 tot

1927 4402 2209 4457 columnas
2241 4402 2399 4455 habet
2444 4405 2493 4454 in
2543 4418 2637 4456 sua
2688 4402 2976 4471 positione,
3008 4414 3138 4472 quot
3168 4403 3283 4458 dies
3314 4416 3435 4459 sunt
3467 4410 3518 4459 iu

1935 4474 2059 4526 anni
2116 4474 2271 4527 unius
2328 4474 2677 4527 revolutioue.
2733 4473 2899 4540 llujus
2956 4474 3201 4529 ecclesiae
3256 4476 3521 4531 dedicatio

1938 4543 2072 4596 Non.
2097 4543 2317 4611 Augusti
2345 4542 2663 4597 celebratur.
2699 4544 2863 4596 llabet
2894 4545 3111 4612 insuper
3144 4546 3256 4598 lucc
3290 4561 3514 4600 venera-

1936 4613 2061 4667 bilis
2099 4612 2325 4685 ecclesia
2366 4622 2567 4685 sancta:
2616 4614 3137 4685 hltiriari-ardiiiales
3167 4625 3395 4684 Septem,
3429 4616 3519 4685 qui

1937 4698 2030 4751 per
2072 4699 2196 4738 suas
2241 4680 2599 4737 hebdomadas
2643 4685 2693 4737 iu
2725 4684 2912 4737 Oiditlc
2942 4684 3071 4739 ticis
3110 4680 3242 4739 sua!
3266 4686 3331 4739 ad
3362 4680 3516 4741 suum

1934 4767 2175 4807 sanctum
2212 4753 2379 4807 altare
2409 4753 2597 4808 Missas
2627 4756 2821 4808 debent
2847 4754 3143 4811 celebrare.
3186 4756 3238 4808 In
3267 4773 3356 4810 ara
3391 4773 3520 4811 vero

1937 4822 2095 4895 hujus
2126 4823 2448 4895 venerabilis
2478 4825 2722 4895 ecclesia:
2770 4824 3062 4879 recondita:
3107 4837 3229 4879 sunt
3277 4828 3518 4895 reliquiae

1935 4893 2001 4945 de
2036 4893 2240 4959 capillis
2283 4907 2480 4947 sanetae
2528 4894 2703 4948 Maria:
2760 4896 2941 4949 matris
2990 4896 3218 4961 Domini,
3271 4898 3336 4951 de
3384 4893 3527 4951 lacte

1932 4962 2173 5036 ejusdem
2227 4963 2474 5036 Virginis,
2507 4968 2573 5018 de
2616 4964 2857 5033 wiuiplio
2888 4966 2967 5018 sui
2997 4966 3206 5035 capitis,
3238 4968 3304 5021 de
3347 4984 3522 5036 panno

1931 5033 2010 5084 sui
2045 5033 2367 5106 vestimenti.
2413 5035 2997 5106 (junabulunrDomini
3050 5033 3120 5090 ibi
3168 5045 3269 5101 est,
3314 5033 3365 5091 in
3416 5054 3522 5106 quo

1933 5116 2067 5177 puer
2090 5101 2276 5177 ja_cu.t.
2311 5106 2383 5157 De
2411 5108 2670 5172 praesepio
2695 5116 2717 5144 ε
2752 5105 2959 5158 Domini
2990 5117 3113 5161 sunt
3144 5107 3212 5161 ibi
3248 5101 3518 5177 reliquiae;

1932 5175 2000 5226 de
2024 5172 2218 5247 statua
2242 5178 2506 5247 apostolo,
2533 5176 2619 5242 qui
2653 5178 2703 5228 in
2732 5176 2848 5227 loco
2875 5178 3025 5230 .lndte
3047 5178 3305 5245 apostolis
3328 5172 3517 5247 ag;ng

1932 5243 2313 5314 gatusParvus
2334 5242 2425 5298 Dei
2451 5248 2770 5298 nominatur.
2796 5247 3019 5313 Quidam
3046 5242 3250 5314 dicunt,
3276 5242 3518 5314 mnsam.

1935 5314 2035 5366 hoc
2058 5313 2225 5368 altare
2247 5313 2415 5369 beatae
2441 5315 2620 5369 Maria:
2643 5314 2855 5384 llajoris
2876 5318 3183 5385 requiescit,
3212 5313 3302 5371 alii
3330 5319 3518 5372 dicunt.

1940 5449 2045 5506 Sed
2077 5463 2200 5506 ante
2228 5467 2351 5507 eum
2380 5452 2621 5509 Liberius
2651 5455 2793 5509 illam
2826 5454 3096 5511 basilicam
3125 5468 3523 5515 construxerat,

1930 5524 2085 5591 juxta
2111 5522 2380 5577 ntacellum
2411 5522 2567 5578 Libiw
2587 5541 2677 5580 seu
2704 5524 2885 5588 Liuav,
2908 5542 2973 5578 ex
3008 5529 3195 5581 eodem
3218 5528 3355 5581 libro
3377 5533 3518 5578 unde

1938 5606 1987 5644 ει
2013 5593 2227 5664 basilica
2261 5593 2424 5647 Livia:
2456 5596 2612 5663 primi
2639 5612 2698 5652 us
2724 5598 3005 5664 appellata.

2014 5674 2035 5699 °
2066 5661 2283 5736 δὲΐαξυε
2308 5661 2571 5719 secundus
2593 5661 2845 5719 cumeran
2869 5667 3100 5736 prwsepii
3126 5664 3330 5721 Domini
3354 5676 3515 5736 nostri

1937 5729 2076 5856 JesuA
2094 5729 2285 5815 Clariin
2318 5737 2569 5805 argenteis
2598 5737 2780 5792 tubulis
2812 5729 2878 5790 ac
2919 5729 3176 5793 deauratis
3205 5731 3518 5806 peramavit.

1937 5815 2000 5856 es
2083 5814 2337 5856 nastasm.

1937 5815 2000 5857 es
2034 5814 2337 5859 Ληίιειδειο.
