3990 6330
225 378 336 433 ’595

189 481 1868 507 ——-———-—-—————-—-—_——-

1080 374 1173 427 ΑΒ
1210 371 1540 451 LIBELLOS
1576 369 1865 451 ORDINIS‘
1888 365 2146 423 ROMANI
2189 361 2554 420 APPENDIX.

3343 368 3447 420 595

1695 522 1932 709 ιη,

1149 730 1832 848 CONSTiTUTlONES
1878 786 2515 849 LATERANENSES.

266 952 557 1028 Gregorius
585 950 871 1028 cpiscopus
896 962 1082 1025 servus
1104 962 1385 1003 servorum
1416 948 1533 1014 Dei,
1556 946 1622 1000 ad
1653 961 1774 1016 pcr-
1801 950 1849 1005 A
1878 961 1989 1028 sua:
2037 951 2327 1028 perlucidae
2357 952 2783 1028 conversationis
2823 954 3070 1028 exemplo
3099 955 3264 1028 veluti
3290 955 3341 1009 itt
3373 972 3466 1011 ca-

195 1034 409 1096 petpam
436 1022 510 1075 rei
540 1022 874 1096 memoriam.

272 1092 385 1147 Etsi
428 1089 648 1158 provide
683 1096 743 1158 et
776 1086 1114 1139 laudabiliter
1157 1094 1307 1154 gesta
1338 1100 1433 1152 per
1458 1086 1591 1140 alios
1614 1086 1771 1158 inter:

195 1160 323 1215 dum
343 1154 485 1229 jus-te
507 1157 871 1229 censuerimus
898 1158 1239 1229 conﬁrmare,
1270 1171 1464 1229 nempe
1484 1171 1549 1211 ea
1572 1170 1690 1221 qua)
1713 1154 1779 1208 ad

196 1222 409 1286 tandem
454 1229 545 1282 Dei
590 1236 644 1279 et
680 1224 847 1279 divini
882 1226 1057 1279 cultus
1092 1222 1483 1278 observantiam
1528 1239 1627 1293 per
1656 1238 1778 1285 nos,

194 1303 325 1356 dum
372 1312 587 1353 eramus
632 1298 682 1350 in
726 1294 1020 1348 minoribus
1064 1293 1364 1358 constituti,
1417 1304 1541 1348 sunt
1578 1294 1783 1348 utiliter

195 1371 440 1429 ordinata
467 1385 481 1432 ;
514 1362 946 1435 postmodumad
973 1364 1180 1432 apicem
1214 1363 1410 1435 summi
1450 1363 1782 1435 apostolatus

195 1439 478 1507 assumpti,
504 1433 569 1491 eo
593 1436 766 1507 potius
787 1434 1352 1507 dt-bemus_apostolici
1381 1433 1568 1507 scripti
1597 1441 1783 1507 patru-

195 1509 343 1566 cinio
384 1502 741 1567 communire,
770 1519 876 1572 quo
914 1504 983 1558 de
1028 1504 1135 1557 illis
1162 1516 1347 1557 smnus
1374 1504 1573 1557 certius
1611 1502 1785 1556 infor-

199 1580 354 1642 "tali,
377 1587 425 1631 et
456 1591 563 1645 quo
591 1571 819 1642 amplius
840 1571 1143 1639 dedeceret,
1172 1576 1220 1645 _si
1256 1574 1475 1627 minime
1496 1587 1781 1645 servaren-

197 1658 313 1704 tur.
342 1642 550 1702 Dudum
581 1644 840 1713 siquidem
873 1656 993 1713 nos,
1017 1653 1143 1697 tunc
1169 1642 1357 1698 Petrus
1383 1654 1580 1696 sancta:
1603 1643 1784 1713 Maria:

196 1719 360 1774 Nova:
400 1718 655 1769 diaconus
692 1712 977 1766 cardinalis
1015 1727 1077 1765 ac
1117 1714 1571 1782 archipresbyter,
1612 1712 1784 1765 admi—

196 1791 455 1843 nistratur
481 1794 536 1839 et
563 1782 1045 1838 cutnmeudatarius
1094 1782 1350 1838 Ecclesia:
1379 1782 1775 1848 Lateraneusis,

196 1874 302 1940 pro
330 1855 628 1940 reveremia
660 1853 774 1940 Dei,
799 1862 854 1940 et
876 1852 1241 1940 salubriLstatu
1265 1851 1503 1940 eiusdsm
1526 1851 1785 1940 Ecclesia:

196 1922 256 1982 in
296 1924 660 1996 spiritualibus
711 1932 766 1976 et
805 1922 1191 1991 temporalibus
1238 1937 1357 1996 cum
1399 1922 1574 1976 divina
1614 1923 1784 1996 gratia

195 1991 526 2065 proventum
554 2003 607 2065 et
638 1991 1323 2065 perpetuo_c0ttservando,
1364 2005 1539 2046 certas
1586 1991 1785 2065 consti-

196 2061 434 2121 tutiunes
479 2065 532 2117 in
576 2063 690 2129 ipsa
731 2061 955 2115 ecclesia
987 2069 1093 2115 tam
1126 2064 1441 2116 auctoritate
1469 2062 1783 2129 apostolica,

194 2151 302 2206 qua
341 2133 687 2206 iungebantur
730 2131 925 2206 in_bac
964 2141 1133 2206 parte,
1181 2146 1338 2206 quam
1383 2140 1591 2206 nostra,
1618 2132 1786 2206 edidi-

196 2200 341 2269 titus,
370 2200 501 2270 quas
540 2202 641 2256 sub
673 2200 844 2268 poenis
871 2202 1140 2255 contentis
1189 2202 1240 2254 itt
1286 2200 1366 2255 eis
1412 2204 1781 2256 mandavimus

196 2283 460 2345 perpetuo
488 2281 544 2345 et
573 2270 948 2345 inviolabiliter
978 2270 1369 2345 observari.ilit
1399 2271 1558 2341 igitur
1582 2272 1783 2326 consti-

195 2323 453 2400 ἷιῖἐίῖιῖιὲῖ
485 2323 621 2411 ipsis
644 2323 650 2325 ”
670 2323 749 2412 eo
784 2323 1197 2412 irreiragabilius
1248 2323 1638 2412 sustentata;
1671 2323 1785 2412 quo
1815 2323 1866 2382 Β

196 2410 517 2485 apostolicte
541 2410 936 2485 approbationis
967 2419 1023 2463 et
1045 2411 1466 2485 conﬁrmationis
1495 2410 1787 2485 munimine

196 2480 398 2538 fuerint
426 2480 711 2545 roboratus,
747 2482 914 2547 ipsas,
957 2495 1181 2549 quarum
1223 2491 1378 2536 tenor
1418 2480 1487 2536 de
1530 2482 1693 2536 verbo
1720 2482 1784 2538 ad

194 2555 419 2609 verbum
448 2550 672 2623 inferius
686 2568 701 2623 _'
717 2560 809 2623 est
844 2550 1099 2615 insertus,
1119 2562 1262 2623 _cum_
1284 2552 1446 2623 certis
1489 2552 1785 2623 correctio-

196 2623 381 2690 nibus,
414 2618 897 2676 modiﬁcatiunibus
939 2629 993 2673 et
1036 2619 1462 2676 ordinationibus
1492 2618 1662 2688 nuper
1690 2636 1787 2690 per

194 2709 301 2748 nos
331 2692 503 2753 lactis,
531 2700 588 2744 et
616 2698 737 2757 pust
767 2690 939 2756 ipsum
967 2697 1206 2743 tenorem
1238 2690 1461 2746 inferius
1492 2690 1782 2756 adnotatis,

194 2763 513 2817 auctoritate
540 2759 827 2829 apostolica
855 2760 1161 2827 supradicta
1204 2764 1586 2830 approbemus,
1612 2761 1783 2814 ratiti-

197 2845 406 2894 camus,
435 2831 834 2900 conﬁrmamus.
866 2838 921 2883 et
958 2830 1238 2898 praesentis
1280 2832 1462 2900 scripti
1505 2831 1785 2899 privilegio

194 2899 611 2970 communitnus,
656 2899 973 2970 mandantes
1002 2900 1102 2957 sub
1134 2900 1306 2970 ptenis
1344 2899 1401 2955 in
1444 2901 1523 2955 eis
1564 2913 1784 2954 conten-

196 2975 271 3027 tis
298 2986 390 3025 eas
420 2968 802 3025 inviolabiliter
842 2968 1148 3023 observati.
1182 2971 1249 3023 Et
1287 2986 1409 3025 cum
1448 2970 1622 3024 simus
1649 2971 1782 3026 certi

192 3041 267 3095 de
290 3042 434 3095 tactu
464 3048 671 3104 nostro,
712 3038 1511 3107 huiusmodiapprobationem,
1546 3039 1781 3095 ratiﬁca-

196 3112 420 3175 tionem,
452 3109 930 3173 contirtnatzonem,
961 3109 1436 3164 communitionem
1467 3117 1523 3164 et
1557 3114 1779 3165 manda-

197 3192 312 3233 tum
343 3179 562 3247 perinde
591 3179 849 3249 valereiet
879 3190 1062 3233 tenere
1083 3182 1328 3233 volumus
1346 3192 1398 3235 et
1416 3180 1779 3249 decernimus,

191 3265 259 3303 ac
290 3249 332 3303 si
361 3257 513 3303 tenor
542 3248 836 3302 authentici
865 3250 1202 3304 instrumenti
1229 3248 1494 3303 dictarnm
1521 3248 1782 3305 constitué

196 3321 404 3373 tionum
463 3316 814 3389 llOSIl'lHOIiIDA
860 3319 1220 3389 cardioalatus
1271 3321 1445 3389 sigillo
1501 3322 1781 3388 pendentis

194 3390 385 3443 ntuniti
420 3387 772 3454 praesentibus
794 3387 934 3441 l'uret
961 3388 1212 3455 insertos,
1236 3387 1622 3444 consuetudine
1644 3406 1776 3446 cun-

192 3460 358 3513 traria
408 3457 663 3511 Romana:
708 3460 868 3508 curiae
920 3474 1024 3509 nun
1074 3463 1338 3515 obstante.
1385 3458 1563 3516 Tertor
1600 3473 1776 3515 autem

185 3527 459 3589 dictarnm
490 3525 929 3578 constitutionum
960 3527 1078 3581 talis
1105 3539 1207 3581 est.
1762 3546 1769 3553 ι

264 3595 677 3669 ⁵⁷⁷-.Ρυιΐυεη
720 3594 1063 3669 miseratione
1101 3597 1315 3669 divina,
1359 3608 1561 3654 sanctae
1598 3600 1777 3656 Mariae

186 3663 361 3727 Nova:
382 3663 672 3718 Fdiaconus
722 3663 1009 3735 cardinalis
1035 3665 1488 3735 archipresbyter,
1520 3669 1777 3725 adminis-

186 3746 365 3791 trator
388 3742 444 3789 et
472 3732 955 3804 commendatartns
1002 3732 1256 3790 Ecclesia:
1280 3732 1672 3804 Laieranensis,
1694 3741 1778 3793 di-

188 3806 352 3861 lectis
377 3804 531 3859 nobis
562 3804 614 3856 in
632 3803 851 3863 ,Christo
876 3804 1113 3871 capitulo
1150 3813 1207 3860 et
1234 3805 1537 3870 canonicis,
1572 3803 1777 3862 beneﬁ-

183 3878 368 3938 ciatis,
393 3873 703 3941 capellanis,
734 3875 1079 3944 etaetiiytltis
1107 3875 1262 3929 dictae
1289 3876 1533 3929 ecclesia:
1560 3876 1782 3932 Latera-

189 3945 506 4008 nensis,uec
543 3958 650 3997 non
679 3952 735 3997 et
762 3942 883 3997 aliis
911 3942 1317 4013 quibuscunque
1344 3946 1697 4001 servientibus
1727 3948 1779 4003 itt

184 4016 383 4071 eadem
409 4054 425 4079 ,
475 4013 703 4067 salutem
751 4013 805 4065 in
833 4013 1056 4068 Domino
1084 4015 1486 4083 sempiternam.
1522 4018 1588 4071 Et
1610 4020 1654 4071 si
1683 4020 1780 4073 ltu-

189 4097 355 4140 Ittana
387 4094 571 4137 natura
608 4096 855 4151 supernae
882 4096 1070 4138 manus
1093 4087 1403 4151 Operatioue
1423 4084 1672 4151 formata,
1703 4089 1781 4143 sic

188 4163 327 4226 ante
353 4155 555 4222 lapsum
590 4152 873 4226 habuimus
917 4154 1243 4220 perlucidum
1269 4155 1597 4211 intellectum
1623 4159 1780 4226 paulo

192 4225 382 4294 minus
409 4235 669 4294 creaturae.
689 4222 950 4294 angelica:
979 4236 1331 4293 coaequatum,
1364 4236 1418 4280 et
1452 4222 1671 4294 superni
1700 4230 1781 4283 lu-

186 4292 358 4348 minis
414 4293 535 4363 acie
587 4293 963 4361 perlustratum
995 4335 1010 4359 ,
1053 4292 1385 4349 ut’ltumanis
1413 4292 1647 4363 statutis,
1677 4313 1775 4354 seu

188 4363 406 4433 legibus
434 4362 735 4417 nuiiatenus
758 4363 1056 4433 indigeret;
1088 4377 1207 4430 post
1236 4365 1442 4420 ruinam
1487 4362 1662 4422 tamen
1702 4371 1780 4423 sic

182 4431 404 4506 ex'stitit
439 4432 629 4506 infecta
681 4431 864 4506 nubilo
909 4433 1191 4487 mundana:
1230 4436 1472 4506 caliginis
1495 4476 1511 4501 ,
1535 4450 1588 4492 et
1619 4448 1696 4492 tot
1723 4437 1777 4493 in

187 4513 308 4558 tam
341 4502 585 4575 letltifero
612 4514 741 4557 casu
795 4504 1043 4575 humana:
1086 4519 1322 4575 propago
1340 4502 1553 4560 natura:
1586 4522 1777 4562 curru-

192 4575 400 4643 ptionis
427 4574 641 4625 vulnera
670 4573 941 4644 protulit,
985 4576 1064 4627 sic
1122 4573 1325 4644 antiqui
1382 4577 1549 4631 hostis
1598 4581 1777 4634 conati

186 4640 513 4699 itharitatem
544 4640 814 4695 hominum
835 4657 904 4696 ex
932 4642 1072 4698 lutea
1096 4640 1315 4699 materia
1344 4659 1644 4701 creatorum
1671 4646 1781 4702 dis-

187 4727 473 4793 rumpere,
500 4714 759 4793 bonorum
787 4724 1011 4793 operum
1038 4714 1397 4793 dulcedinem,
1420 4715 1778 4793 invidimfelle

128 4790 139 4797 ‘
186 4781 482 4854 inlixit,et
526 4781 774 4854 versutia-
803 4783 1086 4838 infestatur
1130 4784 1370 4848 insidiis,
1401 4790 1542 4853 quod
1578 4791 1776 4854 procli-

100 5081 130 5165 3

192 4854 327 4907 vius
350 4853 415 4906 atl
445 4851 639 4905 malum
670 4854 987 4907 sensualttas
1030 4859 1254 4907 humana
1297 4856 1365 4909 ab
1413 4851 1775 4913 adolescentia

186 4938 298 4998 sua
325 4923 553 4977 declinat
581 4923 631 4998 in
663 4922 1154 4998 v_e_titum.Proptet'
1170 4926 1310 4993 quod
1333 4926 1398 4979 ad
1423 4930 1661 4998 regimen
1691 4944 1777 4983 sa-

176 4993 353 5049 lubre
379 5003 537 5058 atque
568 4992 827 5057 placidum
859 4992 1214 5047 necessarium
1247 4998 1343 5050 t'uit
1374 4992 1772 5063 praesidentium

1890 1017 1997 1093 pite
2023 1017 2305 1093 collocati,
2341 1023 2539 1093 debent
2572 1023 2814 1093 radiusis
2863 1017 3136 1077 affectith
3177 1025 3297 1080 aliis
3328 1029 3463 1082 odor

1886 1088 2116 1161 existere
2136 1090 2405 1146 salutaris.
2424 1091 2546 1145 Haec
2569 1092 2726 1158 igitur
2747 1106 2845 1145 nos
2870 1093 3153 1148 cardiualis
3179 1096 3465 1161 praedictus

1885 1158 1951 1209 ad
1980 1158 2170 1211 debita:
2195 1161 2639 1215 considerationts
2666 1163 2835 1215 aciem
2867 1158 3206 1224 reducentes,
3234 1178 3340 1218 tum
3368 1182 3465 1219 au-

1886 1230 2137 1299 ctoritate
2168 1230 2321 1289 nobis
2349 1246 2601 1285 conce-sa
2636 1245 2729 1299 per
2769 1231 3019 1285 vicarium
3066 1235 3175 1287 \cri
3211 1235 3322 1297 ῡοιι,
3355 1248 3465 1290 tom

1886 1308 1951 1367 ex
1981 1296 2164 1367 debito
2194 1299 2362 1352 nostri
2391 1300 2552 1353 uilicii
2584 1339 2598 1361 ,
2631 1296 2717 1367 qui
2756 1300 2930 1353 eidem
2982 1304 3328 1367 tirwsidentcs
3373 1309 3470 1359 tc-

1885 1363 2159 1437 clesitea'd
2184 1366 2235 1419 itl
2263 1382 2357 1419 nos
2386 1363 2816 1437 recognoscimus
2841 1363 3123 1437 obligatos,
3170 1372 3302 1425 infra
3332 1377 3466 1427 scri-

1889 1441 2008 1500 ptas
2022 1434 2286 1509 edidimus
2301 1434 3173 1509 constitutiones,reformationem
3193 1441 3469 1509 Ecclesize,

1889 1512 1993 1556 tam
2019 1505 2377 1580 _spiritnalium
2404 1546 2420 1569 ,
2452 1521 2608 1580 quam
2635 1507 3053 1580 temporalium,
3075 1510 3223 1580 claro
3252 1505 3469 1580 eloquio

1885 1574 2246 1630 continentes.
2294 1577 2373 1630 Ad
2419 1574 2511 1630 eas
2541 1577 2721 1646 igitur,
2754 1577 2844 1629 lilii
2878 1578 3190 1644 prtedilecti,
3220 1574 3474 1637 inclinate

1890 1646 2212 1698 unanimiter
2273 1660 2429 1700 aures
2485 1657 2720 1711 vestras,
2772 1656 2827 1701 et
2882 1648 3023 1701 circa
3071 1664 3162 1702 eas
3221 1651 3472 1707 adhibete

1889 1715 2325 1782 promptitudinis
2368 1717 2732 1778 intellectum,
2764 1716 3038 1771 collecturi
3064 1720 3327 1773 seminum
3360 1720 3470 1775 fru-

1887 1794 2026 1848 ctus,
2053 1788 2139 1852 qui
2175 1786 2229 1838 in
2260 1801 2390 1859 agro
2417 1788 2714 1859 devotionis
2765 1800 2977 1859 vesme
3008 1789 3335 1859 providentia
3377 1806 3472 1859 pa-

1889 1859 2036 1908 terna
2069 1856 2407 1931 cunspe‘rgit,
2426 1856 2469 1931 si
2502 1872 2562 1910 ea
2598 1858 2819 1909 coitura:
2841 1856 3273 1931 studiudiligenti
3307 1856 3472 1931 (quod

1888 1926 2231 1997 wet-amns),
2257 1925 2596 1988 fructiticent,
2646 1935 2700 1980 et
2739 1927 2954 1992 onerosi
3004 1925 3202 1981 laboris
3232 1925 3474 1997 Speratas

1889 1993 2142 2048 utilitates
2170 1995 2418 2050 educant.
2455 1997 2554 2050 Eas
2584 1997 2727 2050 enim
2752 1997 2902 2049 vobis
2916 2005 2969 2050 et
2991 1997 3207 2051 cuilibet
3228 1993 3467 2054 vestrum

1888 2063 1990 2116 sub
2015 2064 2191 2187 poenis
2222 2067 2274 2119 in
2303 2067 2382 2120 eis
2410 2068 2681 2123 contentis
2720 2066 2999 2120 observari
3052 2068 3390 2137 praecipimus
3417 2079 3474 2126 et

1888 2147 2009 2186 man
2054 2151 2224 2187 :lllltlS.

1887 2147 2224 2189 mandamus.

2272 2225 2312 2279 l.
2347 2225 2569 2280 Rubrica
2594 2224 2657 2280 de
2680 2224 2867 2280 divinis
2895 2225 3090 2295 oﬂicit's.

1962 2336 2015 2391 l.
2051 2337 2117 2393 Ut
2150 2338 2390 2392 membra
2419 2338 2577 2405 capiti
2608 2352 2666 2391 se
2693 2339 3051 2402 contorment,
3082 2347 3348 2406 praesente
3390 2339 3473 2395 in-

1888 2407 2168 2462 stitutione
2217 2409 2551 2461 decernimus
2594 2422 2752 2477 quam
2802 2418 2907 2461 tam
2964 2417 3283 2463 nocturnum
3311 2425 3471 2477 quam

1891 2477 2164 2539 diurnum,
2190 2478 2241 2530 itt
2275 2477 2633 2531 Laterunensc
2662 2475 2930 2543 Ecclrsia,
2955 2492 3079 2533 cum
3108 2486 3230 2533 nota
3261 2475 3471 2535 dicatur

1883 2546 2036 2614 juxta
2067 2548 2356 2611 l'llbl‘tCilllt,
2389 2548 2632 2601 ordinem
2674 2547 2787 2601 sive
2815 2561 3018 2602 mutent
3047 2559 3246 2603 sancta:
3275 2549 3473 2604 Roma-

1886 2631 1971 2697 nae
2000 2616 2155 2670 liche
2188 2617 2270 2697 im,
2317 2617 2679 2697 seuut‘apellte
2726 2618 2923 2697 domini
2947 2618 3112 2673 nostri
3146 2632 3294 2687 papa:
3315 2638 3329 2684 ;
3351 2621 3471 2674 otii-

1887 2687 2029 2739 cium
2059 2701 2192 2740 vero
2221 2685 2389 2740 beata:
2415 2685 2597 2740 Maria:
2626 2688 2847 2756 virginis
2872 2688 2989 2741 sine
3014 2685 3161 2752 nota,
3181 2685 3364 2757 aperte
3396 2702 3473 2743 ta-

1888 2770 2010 2809 men
2038 2768 2092 2810 et
2121 2757 2361 2823 spatiose
2394 2756 2716 2824 proferatur.
2748 2759 2801 2811 ln
2834 2759 2947 2825 ipsa
2977 2772 3189 2826 quoque
3218 2756 3464 2815 Ecclesia
3536 2814 3543 2821 ,

1886 2826 2379 2899 celebrentur‘cutn
2411 2829 2650 2899 notudie
2679 2828 2917 2899 quolibet
2938 2827 3057 2881 duae
3096 2828 3295 2899 Missae,
3339 2843 3475 2898 qua.

1885 2910 2002 2955 rum
2032 2895 2198 2964 prima
2228 2896 2315 2949 die
2343 2896 2583 2964 Sabbati,
2610 2908 2663 2951 et
2691 2896 2997 2959 Duminico,
3023 2906 3078 2951 et
3102 2899 3223 2952 aliis
3248 2895 3463 2962 diebus,

1885 2965 2082 3035 quibus
2110 2968 2403 3020 secundum
2453 2967 2718 3022 rubricam
2775 2968 3030 3023 Ecclesia:
3077 2967 3329 3021 Romana:
3363 2985 3471 3023 nun

1885 3036 2362 3113 consuevit_it_lissa
2400 3050 2497 3113 pro
2528 3038 2753 3091 mortuis
2787 3039 3083 3113 decantari,
3114 3039 3282 3113 578
3310 3038 3470 3113 Missa

1884 3106 1953 3161 de
1989 3107 2145 3160 beata
2179 3107 2394 3174 Vitgiue
2422 3107 2769 3172 decantetur;
2816 3108 3028 3161 casteris
3085 3106 3472 3162 vero'ihebdu—

1885 3177 2058 3231 mada:
2087 3177 2276 3231 diebus
2307 3176 2476 3243 prima
2522 3177 2682 3231 Missa
2728 3178 3085 3232 celebrabitur
3113 3192 3234 3231 cum
3265 3192 3466 3245 praece-

1883 3246 2131 3301 dentibus
2152 3246 2345 3315 vigiliis
2368 3262 2462 3313 pro
2482 3246 2772 3310 defunctis;
2789 3250 3076 3301 sccumlam
3101 3262 3227 3301 vero
3248 3250 3463 3311 Missam

1882 3316 1949 3371 tle
1976 3316 2306 3370 occurrentis
2334 3318 2669 3371 so'emnitate
2695 3318 2799 3372 diei
2829 3319 3074 3371 volumus
3108 3319 3388 3372 celebrari.

1954 3388 2035 3458 Ab
2062 3386 2146 3440 bis
2172 3387 2287 3439 dies
2309 3387 2609 3458 excipimus
2635 3388 3042 3458 subsequentes,
3077 3388 3324 3442 videlicet
3346 3387 3455 3443 Na-

1883 3457 2142 3510 tivitatem
2193 3457 2401 3510 Domini
2450 3472 2571 3510 cum
2625 3457 2827 3511 diebus
2890 3466 3013 3511 octo
3062 3458 3413 3524 sequentibus
3445 3501 3461 3525 ,

1883 3526 2233 3593 Epiphaniam
2268 3525 2500 3592 Domini,
2533 3534 2589 3581 et
2616 3543 2645 3581 a
2677 3539 2862 3595 quarta
2894 3528 3021 3581 feria
3064 3527 3283 3596 majoris
3333 3527 3465 3583 heb-

1882 3596 2145 3650 dumadue‘
2174 3611 2341 3666 usque
2390 3597 2457 3651 ad
2514 3598 2724 3652 tertiam
2785 3599 2971 3653 feriam
3038 3598 3465 3654 ltesurrectionis

1884 3665 2099 3719 Domini
2128 3665 2409 3730 inclusive,
2459 3667 2652 3722 festum
2697 3667 3066 3733 Ascensiunis,
3097 3667 3466 3723 Pentecostem

1882 3749 2004 3806 cum
2037 3737 2269 3806 duobus
2292 3735 2661 3806 sequentibus,
2709 3740 2903 3795 festum
2946 3736 3199 3806 Corporis
3224 3736 3464 3803 Christi,

1880 3802 2223 3875 Nativitatem
2258 3802 2403 3875 beati
2428 3802 2653 3861 Joannis
2678 3809 2960 3874 Baptism},
2986 3802 3176 3861 festum
3202 3802 3474 3875 apostolo.

1880 3887 2000 3929 rum
2026 3873 2166 3928 Petri
2183 3884 2239 3927 et
2260 3872 2432 3945 Pauli,
2451 3872 2843 3930 solemnitatem
2861 3878 3096 3930 omnium
3121 3872 3462 3945 Sanctorum,

1881 3952 1938 3997 et
1984 3954 2212 4012 quatuor
2263 3942 2581 3998 festivttates
2620 3946 2794 3999 beatae
2861 3946 3120 4013 Virginis;
3171 3946 3224 3998 in
3272 3942 3466 4013 quibus

1884 4024 2101 4083 propter
2125 4012 2521 4068 solemnitatem
2552 4014 2784 4078 dierum,
2814 4012 2975 4067 uuam
3008 4025 3208 4068 tantum
3243 4012 3469 4070 Missam

1884 4092 2168 4140 teneantur
2193 4084 2465 4138 celebrare
2494 4100 2614 4138 cutn
2647 4097 2769 4139 nota
2796 4101 2810 4149 ;
2844 4095 2896 4138 et
2927 4084 3063 4138 alios
3090 4085 3231 4147 dies,
3274 4085 3467 4152 quibus

1880 4170 1946 4210 ex
1973 4154 2311 4210 ordinatione
2336 4161 2392 4206 et
2421 4153 2758 4209 observantia
2809 4160 2860 4208 in
2911 4154 3021 4221 ipsa
3053 4152 3290 4208 Ecclesia
3322 4154 3468 4207 anti-

1880 4228 2058 4291 quitus
2091 4232 2405 4279 consuetum
2460 4233 2544 4279 est
2585 4228 2717 4279 duas
2762 4227 2893 4279 altas
2926 4224 3112 4279 Missas
3157 4224 3469 4278 solemniter

1880 4295 2167 4356 celebrari,
2201 4304 2327 4348 tunc
2358 4294 2461 4347 illa:
2491 4296 2933 4364 solemnizentur,
2953 4310 3086 4365 quas
3114 4295 3470 4350 suicmuizari

1883 4364 2140 4421 hactenus
2170 4375 2252 4417 est
2279 4374 2610 4419 consuetum.

1953 4439 2006 4491 ‘2.
2041 4436 2334 4490 Distinctus
2362 4434 2497 4489 ordo
2521 4438 2659 4490 solet
2684 4435 2947 4491 decorare
2968 4435 3225 4490 solemnia
3257 4436 3463 4490 officio-

1879 4521 2000 4561 rum
2031 4506 2309 4575 potissimo
2336 4504 2658 4575 divinorum.
2705 4506 2817 4560 Hoc
2845 4507 3002 4574 igitur
3030 4508 3323 4560 constituto
3354 4516 3463 4559 sta-

1881 4573 2080 4631 tuimus
2106 4577 2247 4645 quod
2277 4573 2500 4643 primam
2524 4576 2759 4643 Missam,
2784 4573 2922 4630 sicut
2950 4578 3207 4629 hactenus
3237 4590 3468 4631 consue-

1882 4656 1992 4700 tunt
2019 4656 2127 4708 est,
2159 4661 2279 4700 cum
2320 4655 2468 4712 nota,
2504 4655 2709 4700 tantum
2756 4647 3106 4700 betteticiatus
3158 4648 3247 4701 ille
3277 4648 3367 4714 qui
3411 4647 3478 4701 in

1880 4717 1969 4771 illa
2011 4717 2539 4771 bebdomada'l’uerit
2578 4716 3066 4782 ltebtlutnadarius,
3097 4731 3254 4771 mane
3281 4718 3471 4770 statim

1880 4797 2091 4842 cantata
2123 4787 2324 4851 Prima,
2372 4787 2567 4847 debeat
2619 4787 2933 4854 celebrare;
2990 4787 3280 4846 secundam
3337 4801 3465 4840 vero

1878 4859 2119 4922 Missam,
2145 4872 2263 4923 quas
2293 4857 2449 4925 vulgo
2478 4871 2668 4927 magna
2715 4859 2873 4911 Missa
2902 4866 3144 4921 vocatur,
3172 4858 3473 4911 canonicos

1880 4928 2324 4983 hebdomadavius
2350 4943 2473 4980 cum
2504 4930 2729 4981 diacono
2757 4940 2811 4981 et
2854 4929 3180 4983 subdiacono
3209 4927 3466 4981 solemni-

1880 5008 1988 5065 zet,
2019 4998 2117 5054 nisi
2145 4998 2451 5069 cardinalis-
2479 4999 2569 5067 qui
2616 5000 3053 5069 archipresbyter
3082 4998 3462 5051 Laterunensis

186 5064 429 5118 oﬂicium
478 5065 759 5141 ordinare,
790 5063 903 5129 qui,
935 5066 1184 5141 exemplo
1217 5067 1415 5141 legiferi
1445 5068 1673 5141 Moysis,
1695 5071 1772 5124 le-
1803 5063 1854 5123 D
1880 5063 1981 5141 pro
2031 5080 2274 5136 tempore
2325 5063 2513 5141 fuerit,
2539 5072 2619 5121 vel
2667 5063 3001 5141 copabsen'te
3028 5068 3144 5134 ejus
3191 5069 3422 5141 vicarius
3443 5105 3465 5133 ,

187 5150 323 5203 gum
375 5134 579 5199 copiam
633 5147 951 5203 concessam
996 5135 1097 5187 sibi
1149 5134 1364 5191 cmhtus
1407 5134 1772 5194 suis'subditis

106 5258 121 5278 Σ
180 5202 531 5278 jtrazsentatis
560 5217 651 5270 per
680 5202 1140 5278 constitutionem,
1170 5208 1579 5278 ordinationem,
1609 5211 1774 5278 depo-

96 5274 121 5339 5
192 5275 308 5328 sila
354 5273 685 5327 subditorum
737 5285 791 5325 et
830 5289 924 5341 per
977 5275 1141 5328 lustra
1193 5276 1345 5330 devia
1405 5273 1769 5334 oberrantium

85 5342 117 5483 ἔ

180 5344 388 5399 noxios
415 5343 687 5416 appositus
727 5342 949 5416 justitia:
988 5346 1237 5398 fabricam
1272 5348 1389 5401 luce
1414 5350 1613 5416 praevia
1643 5351 1773 5404 diri-

188 5422 361 5483 gant,
393 5412 623 5467 tollendo
648 5413 895 5484 ambigua
917 5453 930 5473 ,
961 5416 1251 5469 auferendo
1284 5412 1430 5484 lites,
1471 5430 1525 5473 et
1580 5422 1774 5475 exstir-

176 5484 374 5558 pando
402 5485 546 5547 vitia,
572 5483 927 5558 etiusertndu
952 5484 1194 5549 virtutes,
1209 5496 1262 5540 et
1284 5483 1465 5543 corum
1498 5493 1773 5558 putissitue

176 5554 553 5633 subditorum,
600 5556 688 5633 qui
732 5564 1091 5633 omnipotenti
1138 5558 1342 5633 Deoia.
1376 5560 1464 5613 illa
1498 5554 1776 5633 praecipua

184 5622 361 5702 dumo
390 5624 616 5702 .Domiui
645 5665 659 5702 ,
695 5624 946 5702 videlicet
995 5626 1344 5685 Lateranensi
1370 5668 1385 5691 .
1411 5622 1780 5702 omniumque

189 5693 554 5772 Ecclesiarum
578 5696 857 5772 prima,_ac
877 5698 1017 5772 inter
1037 5706 1265 5772 caeteras
1296 5700 1620 5772 pra-lationis
1645 5693 1777 5772 prae-

189 5765 433 5835 rogativa
462 5764 729 5833 gaudente
772 5766 825 5821 itt
884 5764 1079 5824 divinis
1106 5764 1309 5827 ciliciis
1328 5764 1659 5842 iamutantef
1685 5775 1776 5844 qui

1878 5138 1961 5195 ob
1993 5141 2263 5195 raritatem
2291 5138 2437 5192 cleri-
2460 5154 2647 5202 orum,
2679 5139 2760 5193 \el
2790 5140 2946 5192 aliam
2982 5153 3218 5202 causam,
3252 5146 3309 5190 ut
3341 5139 3463 5191 luco

1880 5212 1960 5265 sui
1992 5211 2282 5264 canonicos
2313 5210 2482 5276 possit
2508 5212 2737 5277 aliquem
2769 5210 2836 5263 de
2861 5209 3192 5264 beneticiatis
3217 5208 3462 5278 ejusdem

1882 5280 2140 5336 Ecclesia
2177 5280 2547 5334 sacerdotibus
2571 5280 2861 5349 subrogare
2892 5282 3102 5334 duxerit
3143 5278 3463 5345 dispensan-

1882 5353 2029 5406 dum.
2060 5351 2167 5406 Sed
2208 5349 2328 5418 quia
2364 5364 2461 5417 pro
2502 5351 2689 5418 majori
2743 5359 2889 5417 parte
2930 5349 3170 5405 canonici
3203 5364 3307 5401 non
3335 5359 3463 5402 sunt

1881 5422 2132 5492 promoti,
2185 5419 2531 5475 concedimus
2582 5421 2724 5488 quod
2760 5420 2922 5492 Missa
2962 5434 3151 5488 magna
3182 5434 3350 5488 usque
3389 5419 3457 5471 ad

1874 5491 2078 5548 annum
2106 5492 2299 5545 debeat
2332 5505 2424 5558 per
2455 5491 2804 5543 benetictatos
2823 5491 3122 5545 decantari.

1876 5584 1883 5585 ί
1952 5563 2006 5617 5.
2054 5562 2225 5618 Simili
2266 5560 2426 5616 modo
2472 5562 2523 5613 in
2564 5561 2839 5614 mensibus
2888 5561 3013 5615 Julii
3052 5571 3106 5613 et
3132 5559 3376 5627 Augusti,
3403 5565 3466 5611 et

1880 5634 2235 5700 Septembris,
2268 5634 2318 5685 in
2347 5630 2538 5699 quibus
2570 5632 2753 5684 llontal
2798 5634 2940 5685 acris
2970 5632 3313 5698 intemperies
3338 5641 3460 5700 esse

1884 5696 2040 5768 solet,
2088 5714 2151 5757 ad
2200 5708 2314 5756 haec
2364 5696 2650 5754 canonicos
2683 5703 2927 5755 volumus
2953 5719 3055 5755 ttutt
3085 5696 3329 5768 astringi,
3361 5696 3458 5750 sed

1886 5787 2011 5832 tunc
2035 5789 2131 5844 per
2162 5774 2508 5829 beneticiatos
2530 5783 2695 5827 etiam
2725 5773 3015 5830 secundam
3069 5772 3282 5828 lissam
3338 5777 3460 5821 cum
