3990 6304
532 373 674 431 1398

1428 370 1773 427 APPENDIX
1818 371 1907 426 AD
1945 372 2004 425 S.
2048 370 2379 427 GREGORII
2420 369 2637 427 MAGNI
2676 369 2927 426 OPERA.

3652 362 3803 423 1396

531 502 627 542 sua
657 485 994 555 solemnitate
1015 483 1217 555 cantari
1252 482 1525 551 jubemus,
1571 460 1760 555 diebus
1796 485 2105 550 Dominicis,
2137 486 2184 542 Α
2212 486 2428 540 domum
2457 494 2642 555 pergat
2688 486 2935 541 honeste.
2981 483 3245 541 Sacerdos
3303 499 3435 539 vero
3485 486 3800 548 celebrans,

530 570 585 613 et
638 556 789 613 festis
845 553 1164 621 duplicibus,
1219 562 1274 608 et
1330 568 1423 621 per
1473 562 1638 608 totam
1684 551 1936 609 Octavam
1969 557 2109 610 beati

530 627 751 682 Joannis
787 623 1032 691 Baptista:
1055 623 1311 677 duntaxat
1341 626 1609 694 exceptis;
1655 625 1847 694 quibus
1896 626 2107 688 diebus,

534 700 606 750 nti
636 696 688 749 in
718 694 928 748 caeteris
957 694 1080 747 anni
1114 693 1385 747 mensibus
1412 735 1426 756 ,
1472 693 1539 747 ad
1595 693 1763 759 ipsam
1818 697 2107 749 secundam

532 766 741 819 Missam
765 763 1139 818 celebrandam
1166 763 1409 817 canonici
1432 764 2109 820 suntastricti.Canonicus

530 848 662 888 vero
685 833 957 898 sacerdos,
987 835 1075 901 qtti
1115 834 1412 888 celebrabit
1458 848 1554 902 pro
1584 842 1823 903 tempore
1868 835 1920 889 in
1960 836 2109 889 festis

533 902 851 970 duplicibus,
895 903 1144 958 denarios
1187 903 1372 958 decem
1402 912 1457 957 et
1504 913 1648 967 octo,
1680 902 1734 957 et
1774 905 2029 958 diaconus
2055 914 2110 959 et

533 971 891 1044 subdiaconus
929 972 1183 1029 denarios
1234 988 1423 1027 notem
1450 1015 1465 1036 ,
1504 974 1694 1041 quibus
1738 974 1873 1028 ultra
1902 991 1960 1027 ea
1990 991 2109 1044 qua:

536 1053 692 1096 erant
738 1043 870 1095 alias
930 1044 1180 1107 habituri,
1224 1044 1487 1111 recipiant
1530 1058 1557 1095 a
1608 1058 1819 1097 camera
1854 1045 2111 1100 Ecclesia:

536 1113 825 1183 prmlbata:
847 1130 861 1176 ;
886 1112 1009 1169 aliis
1029 1129 1155 1168 vero
1181 1112 1369 1168 diebus
1392 1113 1731 1168 medietatem
1756 1114 1862 1169 reci
1872 1116 2017 1183 piant
2042 1116 2111 1172 de

537 1182 826 1251 prtcdictis,
855 1186 980 1236 dum
1011 1183 1358 1240 celebrabunt
1388 1183 1607 1236 ibidem.

604 1255 657 1307 4.
689 1253 743 1306 lu
776 1253 937 1307 divini
967 1254 1201 1307 numinis
1225 1255 1423 1307 cultum
1458 1252 1650 1305 lumina
1691 1250 1967 1309 desrrvire
1991 1270 2111 1309 cor-

536 1339 699 1391 porea
720 1337 1012 1390 congruum
1037 1322 1380 1386 arbitrantes,
1407 1324 1689 1376 statuimus
1710 1325 1849 1392 quod
1871 1325 2107 1380 vicarius

536 1405 589 1445 et
617 1394 925 1455 camerarii,
971 1396 1057 1462 qui
1097 1409 1193 1461 pro
1228 1404 1467 1460 tempore
1497 1393 1691 1445 fuerint
1722 1432 1735 1455 ,
1797 1395 2114 1462 provideant

536 1463 817 1531 diligenter
859 1479 923 1515 tie
951 1465 1089 1518 circa
1136 1464 1331 1516 lumina
1383 1471 1677 1529 oppoituua
1735 1464 2109 1521 Laterancnsis

538 1533 775 1587 Ecrlesia
822 1533 1083 1587 delectum
1145 1534 1374 1600 aliquem
1440 1532 1690 1598 patiatur.
1766 1534 2111 1591 Mansionarii

538 1617 750 1671 quoque
779 1603 897 1657 aliis
929 1602 1075 1656 horis
1124 1613 1177 1657 et
1220 1603 1376 1656 Missa
1417 1615 1672 1667 campana
1703 1617 1937 1672 congrua
1982 1606 2110 1659 hora

538 1673 841 1740 pulsent,ejt
863 1674 1135 1740 lampades
1157 1676 1470 1728 accendant.
1494 1671 1646 1736 Quod
1668 1674 1711 1726 si
1737 1671 1841 1728 non
1866 1676 2108 1740 fecerint,

544 1757 640 1805 pio
663 1743 900 1813 qualibet
928 1742 1058 1797 hora
1090 1744 1170 1797 vel
1205 1744 1404 1813 viceniu
1446 1741 1680 1813 denariis
1704 1743 1982 1797 duodecim
2018 1762 2112 1809 pti-

538 1810 776 1867 ttianttir.
808 1813 987 1868 Donec
1012 1829 1138 1868 vero
1163 1827 1258 1881 pro
1288 1811 1442 1866 Missa
1466 1810 1780 1878 pul~abitur,
1804 1825 1927 1868 ante
1952 1817 2108 1869 tinem

546 1882 860 1940 nulsationis
887 1884 1194 1949 hujnsmodi
1226 1882 1477 1936 sacerdos
1503 1922 1518 1946 ,
1548 1881 1804 1937 diaconus
1828 1893 1883 1938 et
1906 1885 2111 1939 subdia-

538 1968 730 2020 conus,
774 1953 863 2016 qui
895 1969 985 2020 per
1026 1952 1412 2007 hebdomadam
1449 1952 1767 2007 celebraturi
1823 1964 1948 2008 Sunt
1991 1955 2115 2010 Mis-

540 2037 680 2096 sam,
714 2024 874 2093 579
900 2038 960 2077 se
990 2033 1178 2096 parent
1205 2032 1259 2077 et
1306 2023 1527 2096 induant
1556 2036 1677 2077 cum
1707 2023 1992 2096 acolythis,
2024 2028 2113 2096 qui

541 2092 747 2146 eisdem
774 2092 1094 2148 deserviant.
1125 2094 1179 2149 Si
1211 2107 1336 2147 vero
1362 2092 1585 2160 quisque
1631 2092 2010 2149 eorum'fuerit
2039 2092 2113 2153 ita

548 2163 755 2229 tardus,
806 2171 865 2216 ut
911 2162 1028 2232 ejus
1084 2164 1410 2231 exspectatio
1476 2162 1632 2216 fuerit
1684 2169 2115 2233 exspectantibus

547 2246 801 2306 onerosa,
823 2233 1023 2306 fecerit
1050 2241 1226 2306 tamen
1261 2242 1533 2306 postquam
1563 2232 1932 2306 veneritillud
1972 2237 2114 2306 quod

538 2305 721 2375 ipsius,
740 2303 875 2357 ordo
928 2305 1170 2375 requirit,
1216 2302 1462 2370 puniatur
1514 2301 1566 2356 in
1617 2304 1781 2372 duplo
1807 2305 1927 2374 ejus
1970 2301 2111 2375 quod

547 2388 641 2439 pro
672 2374 759 2428 illa
791 2376 943 2428 Missa
982 2376 1048 2428 ad
1078 2372 1253 2439 ipsum
1285 2381 1663 2443 perventurum
1692 2390 1756 2428 ex
1784 2372 2115 2432 diétributio-

543 2443 698 2496 nibus
730 2444 937 2498 fuisset.
976 2444 1129 2510 Quod
1175 2446 1220 2498 si
1254 2442 1399 2497 nullo
1428 2443 1589 2496 modo
1628 2444 1986 2501 celebraverit
2017 2462 2115 2502 seu

548 2515 948 2578 ministraverit,
979 2516 1024 2569 si
1064 2515 1372 2577 canonicus,
1403 2515 1454 2567 in
1496 2511 1683 2568 solidis
1722 2516 1984 2581 quinque;
2020 2518 2116 2572 be-

546 2584 824 2656 iieﬁciatus
876 2599 1004 2639 vero
1060 2583 1113 2652 in
1148 2582 1400 2656 denaria
1444 2582 1692 2656 triginta;
1738 2586 2013 2656 acolythus
2062 2588 2117 2643 in

546 2655 854 2776 ﬂuindecim
901 2652 1338 2709 irremissibiliter
1369 2652 1636 2720 puniatur,
1669 2652 1999 2724 applicandis
2030 2659 2116 2713 illa

583 2720 632 2776 ie
659 2723 1053 2776 celebrantibus
1082 2733 1136 2776 et
1172 2722 1599 2776 ministrantibus
1626 2738 1723 2776 nro
1745 2726 1971 2776 eisdem.

583 2720 632 2776 ie
659 2723 1053 2779 celebrantibus
1082 2733 1136 2779 et
1172 2722 1599 2778 ministrantibus
1626 2720 1723 2792 pro
1745 2720 1971 2781 eisdem.

623 2794 677 2847 5.
709 2794 839 2847 Cum
872 2795 925 2849 in
969 2795 1119 2850 festis
1156 2794 1458 2864 duplicibus
1472 2793 1775 2864 canonicus
1817 2797 1867 2848 in
1901 2797 2117 2852 Latera-

549 2865 701 2917 nensi
729 2864 963 2936 Ecclesia
980 2862 1346 2936 celebraturus
1363 2871 1444 2936 est
1469 2862 1702 2936 Missam,
1720 2874 1824 2918 tam
1843 2866 1893 2918 in
1914 2870 2119 2936 primis,

549 2949 708 3003 quam
741 2934 792 2987 in
811 2938 1061 2990 secundis
1088 2935 1356 3003 VeSperis,
1389 2934 1526 2998 duo;
1556 2932 1601 2985 si
1634 2949 1759 2989 vero
1788 2932 1977 2991 fesuim
2010 2932 2121 2994 fde;

549 3002 621 3076 rit
658 3004 879 3076 multum
918 3002 1203 3076 solemne,
1243 3002 1473 3076 quatuor
1500 3003 1797 3059 beneficiati
1840 3022 1961 3061 cum
2006 3009 2123 3076 ipso

551 3071 867 3139 pluvialibus
893 3075 1000 3129 sint
1033 3074 1228 3128 induti.
1258 3071 1357 3139 Qui
1378 3082 1560 3143 contra
1596 3076 1801 3143 fecerit,
1830 3071 2121 3133 canuniius

551 3151 663 3214 tres
692 3143 911 3209 solidos,
942 3144 1287 3199 beneﬁciatus
1317 3156 1443 3197 vero
1464 3142 1599 3214 duos
1628 3160 1728 3214 pro
1758 3161 1869 3199 vice
1913 3151 2116 3214 perdat,

2212 555 2494 611 diaconiet
2523 554 2862 618 subdiaconi,
2902 565 2955 609 et
2997 554 3231 625 acolytbi
3259 557 3349 624 qui
3375 557 3712 623 min‘strant,
3749 565 3807 612 et

2212 637 2459 681 cantores
2482 626 2575 694 qui
2603 626 2655 679 in
2681 626 2846 679 choro
2867 624 3196 690 deserviunt,
3214 626 3265 677 in
3295 625 3408 681 suis
3441 635 3806 694 permaneant

2214 696 2345 749 locis
2367 697 2433 749 ad
2461 697 2641 750 divina
2673 696 2751 751 eis
2780 695 3012 760 iniuncta
3036 694 3210 749 ofﬁcia
3232 698 3552 765 peragenda.
3570 698 3734 764 Quod
3754 697 3803 751 si

2211 766 2491 836 quisquam
2524 766 2705 820 fecerit
2734 766 2994 836 adversus
3019 779 3081 818 ea
3111 765 3377 836 aliquidve
3404 782 3593 821 eorum
3618 768 3803 836 quoad

2214 836 2356 889 illam
2388 835 2597 890 Missam
2628 836 2710 889 vel
2766 835 2988 897 Horam,
3032 849 3131 902 pro
3181 834 3404 890 absente
3459 834 3673 902 penitus
3708 838 3806 890 lia-

2213 906 2426 968 bentur;
2479 914 2533 960 et
2586 906 2631 959 si
2674 907 2725 959 in
2778 905 3164 959 consuetudine
3213 903 3327 959 haec
3376 905 3648 971 habuerit,
3703 923 3805 973 per

2214 977 2506 1044 scriptores
2530 975 2774 1035 fallarum
2803 973 2964 1044 580
2989 975 3053 1028 ad
3095 974 3350 1028 vicarium
3382 978 3586 1031 domini
3624 976 3806 1031 cardi-

2212 1046 2351 1099 nalis
2382 1061 2474 1106 pro
2522 1054 2762 1110 tempore
2790 1046 2976 1117 ‘ipsius
3028 1044 3287 1117 Ecclesia:
3336 1047 3801 1117 archipresbyteri

2212 1130 2325 1168 rem
2352 1123 2729 1185 ttatur,prout
2758 1113 2807 1170 ei
2860 1116 3029 1168 visum
3072 1115 3253 1181 fuerit,
3310 1113 3675 1172 correctione
3702 1117 3802 1171 de-

2214 1185 2321 1239 bita
2363 1185 2681 1255 puniendus.
3130 1250 3137 1255 η

2285 1255 2373 1309 10.
2408 1254 2627 1322 Utrique
2671 1255 2777 1323 juri
2824 1267 3063 1323 consona,
3110 1254 3464 1312 meditatione
3514 1259 3802 1313 statuimus

2211 1325 2351 1395 qttod
2406 1325 2591 1396 clerici
2624 1322 2999 1396 Lateranensis
3029 1322 3305 1396 Ecclesiae,
3342 1336 3451 1379 tam
3509 1327 3561 1380 in
3608 1328 3799 1396 choro,

2212 1393 2373 1464 quam
2424 1394 2475 1447 in
2506 1394 2759 1467 capitulo
2782 1432 2797 1457 ,
2853 1408 3009 1467 quam
3041 1393 3093 1467 in
3120 1394 3241 1467 aliis
3264 1393 3794 1467 congregationibus,

2212 1462 2375 1530 stare,
2425 1465 2650 1529 sedere,
2684 1464 3016 1532 respondere
3050 1462 3283 1519 debeant
3307 1462 3605 1520 secundum
3650 1468 3796 1521 ordi-

2214 1549 2331 1588 nem
2378 1534 2543 1589 debiti
2594 1534 2894 1600 prioratus,
2953 1534 3127 1599 primo
3177 1536 3499 1601 presbyteri,
3558 1537 3793 1591 serundo

2212 1604 2445 1668 diaconi,
2477 1605 2633 1658 tertio
2663 1602 3001 1666 snhdiaconi,
3034 1603 3100 1656 ad
3132 1604 3446 1672 dignitatem
3477 1617 3525 1660 et
3546 1607 3793 1673 priorita-

2215 1684 2346 1739 teni,
2377 1684 2431 1728 et
2475 1689 2576 1729 non
2607 1674 2671 1727 ad
2705 1674 2996 1742 potentiam
3047 1674 3128 1727 vel
3167 1675 3236 1727 ad
3269 1675 3606 1731 n-tbiiitatem
3638 1679 3801 1730 alicu-

2219 1743 2301 1813 jus
2327 1745 2693 1813 praerogativa:
2725 1743 2971 1798 habendo
2998 1754 3322 1813 respectum.
3348 1744 3401 1797 In
3437 1745 3803 1800 Processionio

2256 1829 2318 1869 us
2359 1828 2489 1869 vero
2535 1815 2695 1869 etiam
2744 1815 3035 1868 secundum
3084 1815 3330 1869 ordinem
3380 1816 3698 1883 pradictutn
3750 1818 3800 1870 in

2219 1883 2589 1938 honorabilem
2624 1885 2796 1939 Iccttm
2829 1885 3096 1940 incedant.

2291 1954 2375 2008 Η.
2409 1954 2576 2007 Nemo
2606 1963 2689 2009 est
2722 1954 2807 2019 qui
2842 1955 3047 2008 nesciat
3078 1968 3237 2018 quam
3276 1954 3535 2009 refectior
3559 1956 3636 2009 sit
3654 1956 3803 2011 cibus

2221 2024 2415 2079 animm
2464 2024 2686 2078 verbum
2719 2024 2834 2078 Dei.
2868 2023 2995 2077 lltuit
3030 2024 3213 2093 utique
3250 2039 3434 2078 semen
3467 2035 3551 2078 em
3600 2028 3804 2081 radica-

2219 2093 2342 2149 Iiter
2378 2093 2715 2154 coalescens,
2763 2094 3087 2146 mirabiliter
3135 2108 3495 2155 excrescens,
3551 2093 3803 2151 fmcunde

2224 2163 2571 2225 fructiﬁcans,
2610 2174 2666 2218 et
2711 2164 3020 2217 interiorem
3050 2163 3316 2217 hominem
3350 2165 3607 2219 refectiva
3642 2167 3803 2220 infor-

2217 2235 2457 2289 matione
2504 2242 2845 2303 restaurans.
2886 2233 2953 2287 Et
2989 2243 3269 2300 propterea
3308 2235 3487 2301 majus
3529 2247 3803 2303 peccatum

2218 2303 2436 2369 habent,
2469 2303 2556 2371 qui
2582 2302 3011 2370 praedicationem
3045 2303 3191 2357 verbi
3226 2303 3316 2357 Dei
3345 2302 3607 2373 satagunt
3634 2309 3801 2372 impe-

2218 2373 2354 2440 dire,
2384 2373 2506 2443 quia
2549 2388 2653 2429 nec
2706 2375 2804 2442 ipsi
2846 2373 3071 2443 fructum
3127 2374 3451 2443 percipiunt,
3514 2390 3619 2429 nec
3676 2376 3805 2429 alios

2218 2442 2535 2512 permittunt
2555 2444 2848 2512 percipere,
2880 2443 3003 2497 dum
3034 2442 3271 2512 ipsorum
3301 2442 3609 2498 insolentia:
3637 2445 3805 2513 impe-

2220 2515 2374 2567 diunt
2423 2513 2796 2580 praedicantes.
2845 2513 3096 2581 Quisquis
3148 2512 3309 2581 igitur
3361 2512 3805 2579 praedicationem

2219 2583 2367 2638 verbi
2409 2582 2525 2647 Dei,
2553 2584 2599 2638 si
2639 2598 2797 2652 quam
2831 2597 2925 2651 pro
2953 2590 3195 2652 tempore
3222 2583 3275 2635 in
3304 2582 3658 2637 Lateranensi
3709 2585 3806 2639 Ec-

2221 2653 2382 2708 clesia
2413 2652 2527 2708 ﬁeri
2558 2652 2864 2723 contigerit,
2896 2666 2989 2720 per
3016 2667 3077 2707 se
3105 2653 3186 2706 vel
3216 2666 3311 2721 per
3335 2653 3501 2723 alium
3535 2654 3805 2721 impedie-

2222 2723 2292 2777 rit
2320 2737 2530 2793 quoque
2558 2722 2738 2789 modo,
2767 2724 2884 2778 vice
2928 2723 3168 2792 qualibet
3213 2737 3425 2791 poenam
3458 2722 3651 2778 decem
3679 2726 3807 2780 soli-

2222 2794 2416 2847 dorum
2473 2794 2727 2848 incurrat.
2778 2793 2991 2849 Possint
3046 2801 3219 2846 tamen
3264 2804 3318 2847 et
3358 2794 3579 2847 valeant
3631 2796 3804 2851 clerici

2223 2862 2385 2918 dictae
2410 2864 2682 2929 Ecclesiae,
2710 2864 2880 2919 donec
2910 2862 3221 2932 praedicatio
3247 2862 3389 2916 intra
3416 2863 3705 2919 Missarum
3732 2881 3807 2920 so-

2225 2934 2417 2988 lemnia
2448 2934 2557 2999 fiat,
2579 2933 2649 2988 de
2669 2934 2835 2989 choro
2856 2932 3132 2997 recedere,
3177 2934 3524 3003 presbytero,
3555 2936 3802 2999 diacono,

2224 3011 2278 3057 et
2301 3003 2631 3060 subdiacono
2660 3004 3080 3058 ministrantibus
3128 3016 3345 3056 recessu
3392 3005 3615 3069 penitus
3663 3007 3807 3060 inter-

2224 3075 2388 3139 dicto,
2441 3073 2507 3127 ad
2556 3074 2705 3128 illum
2754 3088 2878 3130 ante
2926 3073 3316 3143 praedicationis
3367 3073 3561 3138 ﬁnem,
3596 3076 3807 3129 velsu—

2227 3144 2320 3198 tim
2354 3152 2490 3215 post,
2524 3146 2741 3215 omnino
2770 3142 3057 3209 reversuri,
3093 3157 3161 3215 ne
3206 3144 3444 3211 ipsorum
3473 3146 3807 3215 exspectatio

548 3210 717 3281 ipsius
765 3226 919 3281 pmna
963 3214 1182 3268 dimidia
1228 3228 1454 3268 cameras
1478 3254 1492 3277 ,
1536 3210 1753 3269 dimidia
1799 3210 1925 3269 vero
1975 3210 2121 3274 cele;
2149 3216 2195 3278 α
2228 3210 2584 3268 solemnitatis
2608 3214 2784 3268 Missa:
2821 3210 3273 3269 continuationem
3304 3210 3601 3279 impediat:
3633 3216 3701 3272 Ut
3733 3226 3806 3268 ta-

554 3280 828 3356 brantibus
859 3299 954 3351 pro
984 3285 1187 3356 eisdem
1218 3293 1272 3339 et
1323 3284 1743 3356 ininistrantbus
1775 3288 2119 3356 applicanda;

553 3353 744 3424 quibus
778 3355 1057 3410 cameraiii
1088 3355 1155 3408 de
1196 3353 1689 3411 contrafacientium
1724 3353 2006 3424 fructibus,
2038 3353 2123 3414 vel

555 3421 722 3494 ipsius
747 3426 989 3492 capituli,
1019 3426 1064 3480 si
1097 3427 1329 3494 ipsorum
1384 3424 1586 3479 fructus
1633 3427 1830 3481 fuerint
1874 3421 2029 3484 aliter
2057 3429 2123 3485 ad

553 3492 843 3562 capitulum
872 3492 1132 3560 devoluti,
1162 3495 1472 3548 satisfacere
1503 3504 1804 3552 teneantur.

629 3563 691 3633 6.,
712 3564 779 3617 Ut
806 3567 1038 3630 pra-latis
1062 3566 1232 3619 honor
1253 3564 1461 3619 debitus
1484 3564 1844 3633 impendatur,
1860 3570 2127 3625 sancimus

554 3632 697 3709 quod
728 3634 852 3709 dum
897 3636 1087 3709 aliquis
1139 3636 1493 3709 praelatus,_et
1534 3632 1813 3709 petissime
1843 3638 2129 3695 cardinalis

559 3704 614 3754 in
644 3705 754 3774 ipsa
802 3704 1038 3759 Ecclesia
1067 3707 1115 3757 in
1151 3704 1543 3772 pontificalibus
1587 3708 1918 3774 celebrabit,
1954 3713 2131 3766 nullus

557 3772 809 3845 sacerdos
838 3774 891 3827 in
920 3775 1107 3829 eadem
1152 3789 1273 3845 cum
1320 3788 1446 3829 nata
1497 3777 1770 3831 celebrare
1820 3772 2126 3845 praesumat,

559 3842 879 3910 puniendus,
912 3846 957 3898 si
998 3844 1400 3908 contrafeccrit,
1430 3860 1458 3898 a
1491 3845 1650 3900 bitrio
1688 3842 1891 3904 domini
1945 3842 2130 3906 vicarii

558 3913 755 3965 dOtnini
786 3916 1091 3969 cardinalis.

591 4050 603 4061 ν
634 3981 683 4034 7.
719 3983 1006 4039 Statuimus
1034 3994 1087 4039 et
1115 3985 1424 4061 ordinamus
1446 3986 1585 4061 quod
1612 3988 1870 4061 inreadem
1898 3989 2132 4043 Ecclesia

559 4056 669 4105 sint
716 4065 974 4126 perpetuo
1022 4068 1251 4123 quatuor
1293 4056 1544 4126 acolythi,
1592 4060 1679 4124 qui
1731 4068 1835 4111 tam
1865 4062 2134 4115 canonicis

558 4136 719 4185 quam
784 4125 1110 4181 beneﬁciatis
1185 4127 1264 4179 vel
1329 4125 1447 4179 aliis
1497 4126 1955 4191 ministrantibus,
2007 4133 2135 4184 dum

562 4192 836 4266 Missaruin
888 4198 1147 4251 solemnia
1196 4196 1493 4260 celebrant,
1546 4197 1596 4249 in
1645 4197 1777 4265 ipsis
1826 4200 2050 4266 officis,
2082 4211 2137 4255 et

559 4263 682 4318 aliis
713 4268 1132 4333 prwparantibus
1160 4266 1584 4337 subministrent,
1606 4263 1759 4337 prout
1778 4278 1858 4323 est
1882 4263 2137 4326 hactenus

559 4346 895 4390 l'OllSUCIlllll.

638 4405 691 4476 8.
721 4407 955 4461 Sacrista
977 4422 1041 4462 ex
1072 4405 1288 4475 proprio
1306 4408 1608 4476 juramento
1637 4416 1845 4463 tenetur
1872 4412 2017 4464 omni
2048 4410 2137 4466 die

560 4473 973 4551 Sabbatifacere
1003 4473 1232 4551 ιίιιξυιξίω
1250 4473 1316 4531 de
1332 4477 2022 4551 canonii-isetbeneficiatis
2050 4482 2139 4551 qui

562 4544 836 4639 in
850 4547 1406 4639 Allutura‘hebdomada
1436 4550 1814 4639 celebrare-et
1845 4550 1912 4631 de
1950 4544 2135 4639 canui:
2170 4579 2215 4639 υ

564 4615 714 4687 ribus
752 4618 802 4671 in
843 4618 1012 4673 choro
1039 4632 1134 4687 per
1177 4620 1492 4683 circuitum;
1523 4619 1667 4672 etde
1693 4619 1775 4673 his
1819 4621 1908 4687 qui
1938 4622 2136 4676 debent

565 4685 823 4757 pluviales
854 4685 1058 4754 tenere,
1110 4697 1164 4741 et
1216 4690 1467 4741 omnibus
1501 4690 1619 4742 alis
1653 4692 1742 4757 'qui
1784 4685 2052 4746 debebunt
2084 4696 2134 4747 in

563 4756 1033 4828 ipsa_|_tebdomada
1063 4759 1365 4828 deservire;
1395 4769 1449 4812 et
1478 4756 1778 4828 quicunque
1816 4772 2002 4814 cantor
2030 4779 2133 4816 non

563 4826 846 4910 obedierit,
880 4833 995 4884 vice
1036 4827 1271 4898 qualibet
1316 4826 1527 4897 ptenaui
1586 4826 1811 4883 duorum
1844 4832 2136 4887 solidorum

566 4909 823 4951 Illlel'l'ill.

639 4965 773 5039 _9.ln
817 4971 982 5025 choro
1009 4970 1212 5024 servari
1250 4970 1499 5039 jubenius
1553 4968 1766 5022 modum
1796 4979 1851 5023 et
1897 4972 2136 5027 ordinem

566 5036 1001 5109 subsequentem,
1032 5036 1280 5096 videlicet
1301 5043 1440 5109 quod
1484 5042 1551 5092 ab
1579 5054 1681 5093 una
1714 5050 1863 5109 parte
1892 5042 2040 5096 chori
2071 5044 2142 5098 sit

569 5108 827 5167 medietas
854 5111 1253 5179 canonicorum,
1285 5108 1741 5176 beneﬁciatoium,
1775 5113 2140 5179 acolythorum

571 5191 627 5233 et
654 5184 1081 5250 capellanorum,
1105 5183 1193 5251 qui
1224 5183 1393 5235 choro
1414 5182 1619 5236 servire
1646 5189 1917 5247 tenentur;
1946 5182 2012 5236 ab
2042 5185 2143 5237 alia

568 5264 701 5324 vero
722 5255 949 5324 reliqua;
994 5255 1276 5322 ipsumque
1312 5251 1535 5324 chorum
1581 5253 1739 5324 intret
1769 5254 1991 5321 quilibet
2022 5263 2145 5309 ante

574 5320 776 5376 finitam
809 5320 1155 5391 p'ulsationem
1187 5320 1252 5377 ad
1278 5323 1517 5388 Missam,
1543 5323 1625 5376 vel
1656 5320 1876 5390 Horam,
1923 5325 2005 5377 vel
2037 5327 2148 5379 sal-

576 5400 683 5442 tem
721 5403 1017 5465 antequam
1068 5393 1478 5465 primuspllora:
1526 5393 1808 5465 Psalmus,
1839 5394 1919 5447 \el
1974 5392 2147 5450 Missas

574 5462 821 5533 introitus
863 5462 1210 5533 compleatur.
1242 5464 1453 5532 Ubique
1499 5462 1732 5518 resideat
1780 5463 1994 5528 devote,
2027 5467 2144 5519 Sine

573 5528 1002 5602 confabulatione
1050 5537 1245 5602 aliqua,
1288 5528 1707 5587 murmuratione
1754 5536 1834 5588 vel
1888 5549 2141 5602 rumore;

575 5599 647 5670 dc
661 5612 765 5653 una
799 5614 945 5670 parte
978 5605 1124 5658 chori
1141 5599 1257 5657 non
1288 5606 1584 5667 discurrat;
1618 5617 1715 5657 nec
1739 5604 1805 5658 ab
1846 5605 1967 5657 inde
1995 5599 2146 5660 rece-

576 5667 710 5725 dere
748 5667 828 5725 vel
859 5676 1004 5726 exire
1034 5682 1318 5741 praesumat
1351 5684 1473 5728 ante
1502 5675 1707 5727 ﬁnitum
1739 5674 1994 5739 ofﬁcium,
2044 5676 2144 5730 nisi

581 5741 848 5809 negotium
877 5742 1133 5797 Ecclesiae
1162 5742 1241 5794 vel
1281 5743 1523 5811 corporis
1571 5746 1859 5799 necessitas
1901 5745 2146 5800 immine-

582 5824 658 5863 ret
683 5849 699 5878 ,
752 5820 807 5865 ct
847 5821 972 5866 tunc
1020 5812 1085 5866 ad
1123 5812 1464 5881 capitularem
1503 5815 1672 5869 locum
1713 5817 1797 5871 vel
1844 5814 2143 5873 residentis:

2229 3298 2353 3337 men
2380 3298 2409 3336 a
2435 3282 2771 3338 facultatibus
2798 3293 2853 3339 et
2890 3284 3009 3339 aliis
3048 3282 3233 3337 otiosis
3257 3283 3493 3347 actibus,
3520 3286 3604 3339 vel
3639 3286 3810 3339 verbis

2228 3354 2552 3418 absdneant,
2585 3354 2685 3407 sub
2710 3369 2861 3422 paena
2887 3356 3018 3421 ipsis
3045 3353 3417 3408 interdicimus
3439 3364 3762 3410 memorata.

2301 3423 2389 3477 12.
2414 3424 2915 3489 Nemocanonicus,
2949 3424 3434 3493 beneficiatuspvel
3481 3426 3806 3493 capella‘nus,

2233 3493 2315 3548 vel
2346 3493 2501 3557 alius,
2533 3495 2648 3549 sine
2698 3493 2911 3549 licentia
2960 3493 3178 3562 speciali
3225 3491 3814 3562 cardinalis,‘velejos

2231 3564 2413 3619 vicarii
2441 3573 2496 3619 et
2520 3562 2757 3633 capituli,
2790 3567 2842 3617 in
2875 3562 3220 3619 Lateranensi
3250 3562 3493 3633 Ecclesia
3522 3566 3815 3618 confessio-

2232 3649 2328 3688 nes
2356 3636 2539 3688 audire
2585 3642 2900 3702 praesumat;
2933 3643 2989 3690 et
3039 3635 3129 3702 qui
3180 3642 3369 3687 contra
3407 3632 3619 3701 fecerit,
3653 3634 3817 3703 ipsus

2235 3704 2315 3759 vel
2346 3704 2581 3771 ipsorum
2608 3706 2829 3757 arbitrio
2857 3705 3123 3772 puniatur.

2308 3776 2395 3829 i5.
2440 3774 2502 3828 Ut
2557 3774 2766 3829 divinus
2817 3773 3304 3845 cultuspraacipue
3348 3772 3817 3845 gaudeatghabitn

2238 3844 2874 3909 honest:.tis,statuimus,
2888 3843 3029 3913 quod
3047 3843 3171 3897 dum
3188 3845 3238 3897 in
3257 3843 3618 3898 Lateranensi
3647 3846 3821 3898 eccle-

2236 3915 2311 3969 sia
2343 3914 2522 3967 divina
2562 3914 2736 3969 ofﬁcia
2766 3914 3120 3969 decantantur
3140 3957 3154 3979 ,
3189 3914 3364 3969 nullus
3392 3914 3700 3967 canonicus
3731 3915 3813 3968 vel

2236 3984 2580 4039 beneﬁc’iatus
2606 3985 2805 4042 intrare
2847 3985 3015 4051 ipsam
3047 3984 3348 4049 ecclesiam,
3373 3983 3457 4039 vel
3504 3984 3558 4036 in
3591 3998 3659 4037 ea
3690 3998 3825 4051 pra—

2236 4062 2413 4108 sumat
2480 4053 2727 4108 incedere
2790 4053 2906 4107 sine
2964 4052 3146 4107 habitu
3199 4054 3445 4107 ordinato
3488 4069 3504 4105 :
3546 4053 3824 4107 contrafa-

2237 4125 2439 4179 cientes
2466 4124 2983 4179 excommttnationie
3017 4138 3226 4190 poenam
3278 4133 3353 4189 et,
3380 4122 3589 4176 solidos
3636 4124 3825 4176 decem

2238 4195 2477 4263 qualibet
2506 4200 2622 4248 vice
2673 4196 2945 4248 incurrant
2975 4195 3089 4261 ipso
3120 4193 3281 4248 facto.
3321 4192 3645 4261 llujusmodi
3695 4207 3824 4246 vero

2238 4264 2718 4332 excomiuunicato,
2773 4265 2945 4318 donec
2998 4263 3159 4318 fuerit
3216 4263 3493 4317 absolutus
3539 4277 3636 4330 per
3686 4264 3831 4316 vica-

2242 4335 2375 4387 rium
2431 4333 2718 4388 cardinalis
2772 4341 3007 4395 tantum,
3040 4334 3314 4387 camerarii
3358 4332 3427 4386 de
3478 4334 3827 4385 fructibuset

2241 4404 2654 4458 obvenionibus
2712 4402 2832 4457 aliis
2887 4403 3016 4456 nihil
3069 4403 3302 4457 debeant
3358 4401 3673 4457 ministrare
3719 4419 3734 4453 :
3774 4412 3831 4457 et

2241 4475 2285 4528 si
2316 4488 2469 4528 secus
2499 4473 2740 4537 fecerint,
2792 4476 2860 4527 de
2882 4475 3117 4541 ipsorum
3148 4475 3567 4528 camerariorum
3604 4474 3828 4541 proprio

2247 4548 2573 4598 tantumdem
2625 4557 2854 4598 camera:
2913 4544 3195 4597 restituere
3251 4551 3555 4597 teneantur.
3602 4542 3825 4596 Absotvi

2244 4622 2418 4668 tamen
2452 4624 2710 4681 nequeat,
2746 4613 2845 4667 nisi
2877 4614 3050 4679 primo
3095 4627 3322 4666 camera:
3354 4612 3576 4666 realiter
3605 4614 3832 4666 solverit

2243 4684 2440 4738 dictam
2473 4699 2704 4752 pinnam,
2726 4691 2781 4737 et
2803 4682 3055 4751 quidquid
3078 4683 3656 4737 excommunicationis
3688 4693 3831 4735 tom-

2248 4769 2377 4822 pore
2410 4755 2677 4822 pra-dicta:
2710 4755 3011 4822 perceperit
3036 4768 3065 4806 a
3107 4753 3417 4807 camerariis
3452 4754 3798 4805 memoratis.

2319 4824 2405 4877 Η.
2440 4824 2505 4877 Ει
2534 4839 2603 4879 ne
2647 4826 2765 4893 quis
2802 4824 2855 4877 in
2887 4833 3157 4892 posterum
3206 4824 3273 4876 de
3305 4822 3486 4876 habitu
3519 4822 3706 4875 valeat
3739 4822 3836 4876 dn-

2247 4894 2440 4958 bitare,
2473 4896 2643 4962 ipsum
2673 4895 2923 4959 prteset'lti
2950 4894 3332 4948 constitutione
3360 4893 3614 4946 duximus
3648 4894 3833 4961 expri-

2248 4965 2520 5028 mendum,
2552 4964 2800 5019 videlicet
2844 4964 2987 5034 quod
3032 4964 3101 5016 ab
3129 4964 3258 5034 hora
3292 4962 3380 5016 illa
3422 4962 3546 5017 festi
3589 4967 3835 5017 omnium

2252 5037 2593 5102 Sanctorum,
2627 5034 2840 5103 quando
2866 5032 3140 5102 incipiunt
3169 5032 3416 5101 Vespera:
3445 5047 3561 5103 pro_
3594 5048 3840 5086 comae—

2248 5105 2549 5160 moratione
2583 5100 2823 5159 tidelium
2856 5100 3251 5167 defunctorum,
3277 5100 3457 5170 usque
3494 5100 3566 5155 ad
3600 5104 3840 5171 vigiliam

2250 5175 2674 5230 Hesurrettionis
2724 5173 3046 5240 dominicas,
3101 5173 3325 5242 quilibet
3374 5173 3681 5226 canonicus
3738 5183 3844 5226 stet

2248 5246 2465 5300 indutus
2491 5261 2609 5299 cum
2656 5243 2869 5313 sajetta,
2908 5259 3001 5298 seu
3049 5243 3334 5311 roccheto,
3387 5258 3560 5310 cappa
3604 5245 3760 5311 nigra
3790 5256 3846 5295 et

2249 5317 2477 5371 almucia
2497 5317 2565 5371 de
2593 5315 2784 5385 griseis
2812 5328 2909 5369 seu
2940 5316 3007 5368 de
3042 5314 3206 5368 variis
3233 5330 3249 5379 ;
3284 5314 3594 5385 beiieliciaii
3625 5323 3843 5385 semet

2249 5387 2533 5455 capellani,
2565 5383 2656 5455 qui
2685 5386 2887 5439 servire
2908 5393 3152 5439 tenentur
3174 5385 3226 5437 in
3250 5384 3416 5439 choro
3434 5423 3449 5446 ,
3492 5383 3722 5436 indutas
3750 5384 3843 5437 ὐε-

2255 5458 2435 5511 ferant
2480 5470 2679 5525 cappas
2733 5456 2910 5525 nigras
2944 5470 3063 5509 cum
3113 5455 3508 5525 superpelliceo
3543 5469 3642 5507 seu
3672 5463 3841 5516 eotta,

2254 5526 2413 5598 581
2441 5539 2496 5582 et
2522 5524 2871 5598 almuciaside
2909 5526 3128 5598 squallis
3148 5525 3339 5598 nigris.
3370 5524 3479 5598 Sed
3505 5525 3553 5598 si
3596 5526 3841 5578 canonici

2252 5596 2633 5652 ebeneliciati
2664 5597 2901 5666 prrcdicti
2936 5596 3224 5649 maluerint
3244 5596 3467 5663 capucia
3492 5597 3649 5663 nigra
3684 5609 3842 5662 parva

2254 5669 2372 5722 sine
2413 5669 2658 5734 becchis,
2712 5682 2805 5723 seu
2851 5666 3108 5721 almucias
3152 5672 3407 5720 rotundas
3458 5666 3601 5735 nigri
3647 5666 3847 5720 coloris

2250 5740 2438 5794 subtus
2461 5755 2658 5809 cappas
2674 5746 2792 5810 port
2810 5754 2887 5795 ire
2898 5738 3015 5795 sine
3039 5737 3159 5794 aliis
3178 5735 3442 5806 almuciis,
3473 5738 3582 5793 hoc
3607 5735 3691 5791 ds
3716 5749 3848 5792 con-

2250 5810 2511 5868 cedimus.
