3990 6298
194 339 338 397 ise?

991 347 1004 356 ‘
1085 334 1176 390 AD
1217 330 1544 389 LIBELLOS
1578 330 1848 388 Olimle
1890 327 2151 384 ROMANI
2195 324 2561 383 APPENDIX.

3327 325 3453 376 I398

266 456 323 507 In
352 450 526 521 v‘gilia
557 448 776 504 Pasclne
804 447 981 500 statim
1026 446 1240 521 quando
1268 444 1769 521 Alleluia,_verbum
1802 446 1847 503 Α
1876 435 2275 521 centiadornini
2292 433 2608 521 cardinalis.
2639 433 2720 521 \J'cl
2751 430 3459 521 ,εξᾳύθρξςιιξςςρυξχὶεξιξίἱ

190 515 431 584 ιωιίιίωξ
451 522 783 579 decantatur.
825 526 1019 570 exuant
1050 518 1228 587 nigras
1256 530 1473 584 cappas,
1528 515 1769 587 luctuosa

198 591 533 659 paenitentiae
579 598 817 659 tempora
876 585 1249 655 designarites;
1288 596 1346 659 et
1388 585 1772 659 superpelljcea

194 653 296 717 seu
327 663 475 715 albas
497 668 669 716 cottas
696 653 934 711 induant
978 653 1222 724 supernae
1252 657 1373 710 vitae
1411 654 1599 724 gaudia
1634 653 1776 707 di-si-

194 742 448 797 guantes,
472 744 640 793 usque
668 730 733 782 ad
757 732 944 782 lestum
967 726 1539 797 Sanctorumomninm
1562 723 1649 777 illa
1680 738 1775 777 seu

194 800 321 855 illas
347 802 642 855 deferentes
675 814 796 851 cum
831 798 1071 850 almuciis
1105 796 1444 862 supradictis.

277 871 368 924 15.
419 869 544 923 Item
575 870 855 921 statuimus
882 866 1020 933 quod
1051 881 1238 920 omnes
1270 864 1527 932 capellani
1559 864 1776 929 capella:

198 950 510 994 sanctorum
550 938 689 992 Petri
720 946 775 990 et
804 936 973 1000 Pauli,
1001 936 1204 997 Jacobi,
1235 945 1289 989 et
1317 936 1535 987 alterius
1556 933 1777 999 capella:

199 1011 375 1063 sancti
406 1009 611 1071 Jacobi,
666 1010 754 1072 qui
808 1020 947 1058 nunc
975 1016 1121 1071 sunt,
1169 1015 1224 1059 et
1251 1005 1340 1072 qui
1391 1018 1487 1070 pro
1537 1012 1777 1069 teiiapore

200 1088 367 1134 erunt
404 1082 454 1131 in
483 1079 623 1131 dicta
662 1076 914 1138 Ecclesia,
945 1088 973 1126 a
1012 1074 1100 1127 die
1139 1073 1507 1141 publicationis
1550 1086 1777 1134 praesen-

207 1150 343 1203 tium
374 1164 538 1217 usque
574 1147 640 1199 ad
670 1144 987 1217 quindecim
1018 1144 1155 1206 dies,
1200 1152 1481 1217 teneantur
1521 1142 1571 1194 in
1611 1141 1779 1217 choro

203 1218 368 1273 dicta:
397 1213 649 1273 Ecclesia;
679 1213 731 1268 in
770 1214 913 1267 horis
938 1213 1140 1266 diurnis
1178 1214 1377 1281 pariter
1405 1220 1458 1281 et
1484 1216 1778 1275 nocturnis,

206 1290 353 1343 sicut
379 1288 559 1343 caeteri
594 1284 890 1341 beneficiati
938 1282 1221 1348 interesse,
1276 1280 1781 1343 distributione-sque

206 1359 471 1428 recipiant
497 1372 528 1410 a
556 1355 952 1428 capitulo__u_l_tra
979 1352 1186 1428 fructus
1219 1350 1541 1428 capellarum
1568 1362 1779 1415 eorum,

206 1419 347 1483 sicui
374 1419 637 1499 acolythii
669 1436 723 1480 et
752 1423 1104 1499 nihilominus
1126 1422 1179 1499 iu
1229 1419 1446 1499 capellis
1475 1431 1781 1499 eorumce:

208 1499 438 1563 lebrent,
468 1486 633 1562 p'rout'
666 1510 731 1551 ex
769 1509 949 1563 earum
982 1486 1596 1563 fundationetenentur;
1630 1498 1678 1541 et
1709 1486 1777 1542 ad

208 1568 315 1623 hoc
347 1558 630 1622 card'inalis
659 1580 751 1619 seu
781 1562 1006 1617 vicarius
1035 1577 1127 1629 per
1156 1558 1570 1629 ecclesiasticam
1589 1571 1787 1613 censu-

210 1653 327 1691 ram
363 1652 459 1693 eos
482 1636 650 1706 possit
685 1634 978 1706 astringere
1000 1626 1093 1701 per
1129 1630 1481 1706 privationem
1509 1626 1782 1706 fructuum

208 1717 266 1761 et
315 1698 552 1776 ipsarum
606 1698 972 1776 capellarum,
1002 1698 1473 1776 'prout__ipsorum
1518 1698 1788 1776 _exeger_it

209 1768 567 1839 contimmcia,
592 1784 646 1829 et
675 1768 792 1841 ipsi
832 1768 1051 1827 domino
1079 1768 1337 1826 cardinali
1365 1768 1454 1824 vel
1480 1768 1682 1823 vicario
1708 1768 1785 1822 vi-

210 1846 427 1901 debitur
453 1844 772 1900 faciendum.
1650 1886 1657 1901 ί.

288 1914 376 1969 I6.
415 1916 547 1970 Cum
569 1912 820 1968 nonnulla
850 1913 990 1967 bona
1020 1906 1394 1965 Lateranensis
1427 1906 1682 1962 Ecclesia:
1714 1908 1790 1961 le-

214 1996 336 2053 gata
368 1986 497 2049 sint,
528 1996 582 2038 et
632 1984 875 2053 legentur
921 1981 1179 2051 quotidie,
1202 1986 1290 2053 _ut
1336 1976 1603 2053 in_aliquo
1633 1977 1790 2053 altari

213 2048 520 2109 celebretur
540 2048 868 2109 certo'modo
885 2048 993 2125 pro
1020 2048 1308 2125 legantium
1332 2048 1641 2125 animabus;
1678 2049 1791 2115 pias

216 2126 383 2193 igitur
409 2124 771 2179 deficientium
812 2118 1115 2193 voluntates
1158 2118 1369 2193 effectu
1397 2118 1578 2172 debito
1611 2132 1793 2185 prose-

215 2187 468 2262 q'uentcs,
518 2194 801 2249 statuimus
829 2191 969 2262 quod
1009 2189 1239 2262 vicarius
1283 2187 1371 2255 qui
1403 2201 1498 2262 pro
1552 2195 1793 2262 tempore

219 2256 382 2318 fuerit
417 2256 611 2319 debeat
638 2256 987 2317 eﬂ'ectualiter
1012 2258 1261 2315 ordinare
1290 2257 1430 2325 quod
1483 2256 1584 2325 ipsi
1638 2256 1795 2311 altari

220 2348 317 2400 per
344 2332 683 2390 heneliciatos
710 2343 764 2389 et
786 2332 1111 2401 capellanos,
1147 2331 1489 2398 presbyteros
1530 2334 1586 2381 et
1615 2327 1794 2396 acoly-

221 2405 367 2469 thos,
397 2403 677 2458 serviatur.

293 2466 667 2528 Anniversaria
695 2485 904 2541 quoque
938 2468 1128 2541 diebus
1166 2466 1379 2522 statutis
1409 2479 1503 2534 per
1541 2473 1798 2541 testantes

220 2544 313 2610 qui
340 2544 406 2598 ad
440 2544 542 2597 hoc
571 2535 834 2596 Ecclesiae:
871 2537 1065 2608 aliquid
1099 2538 1411 2610 legaverant
1442 2550 1564 2610 cum
1596 2535 1791 2610 vigiliis

222 2603 280 2665 et
317 2613 478 2667 Missa
510 2613 755 2667 similiter
784 2603 1025 2664 volumus
1050 2603 1332 2662 celebrari.
1358 2605 1413 2661 Si
1445 2606 1562 2673 quis
1583 2603 1713 2660 vero
1746 2603 1798 2658 in

224 2680 311 2735 liis
340 2683 539 2737 vicario
569 2698 673 2735 non
702 2679 969 2735 curaverit
996 2678 1238 2741 obedire,
1283 2673 1634 2743 presbyterio
1666 2676 1799 2728 soli-

224 2751 311 2803 dis
339 2751 592 2822 quinque,
637 2750 917 2821 acolythus
963 2749 1015 2802 in
1042 2746 1247 2800 duobus
1296 2760 1389 2813 pro
1420 2746 1535 2822 vice
1565 2744 1803 2814 qualibet

228 2816 500 2891 punietur:
547 2823 613 2875 Et
640 2816 787 2891 quia,
834 2828 1126 2891 crescente
1151 2816 1503 2879 contumacia,
1544 2828 1804 2891 _crescere

222 2886 383 2946 debet
414 2902 469 2946 et
508 2886 686 2959 ptena',
716 2891 759 2944 si
787 2889 905 2957 quis
938 2890 988 2941 in
1040 2886 1129 2939 tali
1160 2886 1584 2959 perseveraverit
1611 2893 1801 2959 contu:

226 2961 420 3031 macia,
456 2953 645 3031 printer
707 2953 1033 3031 przemissam
1089 2970 1300 3025 poenam
1323 2995 1338 3021 ,
1392 2953 1677 3008 oardiualis
1718 2955 1802 3009 vel

223 3029 344 3097 ejus
367 3029 544 3086 vicarii
571 3030 792 3084 arbitrio
824 3029 1090 3097 puniatur.

223 3117 296 3178 11.
340 3120 559 3174 Rubn'ra
575 3121 637 3174 de
664 3118 913 3187 reliquiis,
940 3116 1099 3170 sacris
1120 3115 1288 3179 rebus,
1319 3121 1368 3168 ει
1397 3114 1514 3167 aliis
1541 3113 1806 3187 mobilibus

406 3186 1046 3251 Lateraneusis’Ecclesiw,
1079 3195 1124 3239 et
1155 3202 1329 3239 earum
1378 3186 1627 3238 custodia.

300 3280 390 3333 I7.
433 3279 711 3348 Reliquiae,
742 3279 843 3333 uisi
892 3274 1105 3332 statuis
1150 3274 1500 3348 temporibus,
1543 3275 1660 3348 sine
1711 3290 1807 3331 vo-

222 3351 431 3405 luntate
480 3347 663 3403 vicarii
710 3361 764 3403 et
805 3348 1020 3415 capituli
1082 3347 1384 3399 nullatenus
1429 3347 1801 3415 ostendantur,

219 3420 328 3474 nisi
353 3420 508 3472 alicui
533 3418 807 3481 cardinali,
832 3419 1067 3484 praelato,
1089 3417 1170 3469 vel
1204 3415 1387 3482 regali.
1415 3415 1599 3470 Nullus
1624 3426 1802 3471 autem

223 3499 523 3558 priesumat
546 3489 613 3541 de
632 3487 797 3558 dictis
825 3486 1066 3558 reliquiis
1091 3486 1404 3558 concedere,
1446 3488 1561 3539 sine
1592 3484 1803 3540 licentia

220 3553 435 3615 domini
477 3557 642 3610 nostri
676 3571 845 3624 papae,
882 3555 967 3607 vel
1008 3553 1406 3624 cardinalisiqui
1439 3570 1533 3624 pro
1566 3564 1805 3624 tempore

222 3629 388 3684 fuerit
416 3622 849 3694 archipresbyter
878 3624 1256 3694 Lateranensis
1281 3622 1556 3676 Ecclesia).
1608 3622 1803 3692 llujos-

222 3697 375 3751 tnotli
425 3691 813 3751 constitutionis
856 3693 935 3764 [si
979 3692 1099 3762 quis
1145 3691 1372 3745 violator
1410 3691 1705 3763 exstiterit]
1752 3695 1803 3747 in

221 3769 408 3847 aliquo
439 3776 700 3834 tempore,
735 3763 1017 3832 ipsol'acto
1044 3775 1253 3831 pteuam
1281 3765 1801 3817 excommunicatio-

222 3852 314 3892 IIIS
334 3849 587 3890 IIlClIl'I'aI.

302 3907 390 3960 18.
432 3905 538 3959 lies
569 3919 787 3974 quarum
821 3901 1047 3971 perditio
1091 3910 1235 3957 esset
1264 3913 1511 3974 magnum
1553 3900 1805 3974 prejudi-

226 3978 374 4030 cium
402 3969 614 4029 illatura
642 3969 959 4042 diligentiori
992 3980 1116 4026 sunt
1143 3969 1383 4026 custodia
1407 3969 1803 4042 gubernandae.

228 4047 304 4101 Et
328 4056 605 4115 propterea
649 4040 761 4115 hoc
773 4052 971 4115 statuto
992 4042 1259 4115 jubemus
1279 4040 1420 4109 quod
1442 4042 1806 4115 sta_tut_a,_pri-

226 4110 443 4184 vilegia,
494 4113 811 4178 inventaria,
856 4112 1027 4180 sigilla
1057 4110 1311 4184 Ecclesiae
1340 4120 1393 4164 et
1417 4110 1803 4184 capituliintra

223 4178 407 4240 clavés
429 4178 777 4253 reliquiarum
803 4191 858 4237 et
894 4178 1251 4236 cancellorum
1294 4178 1572 4253 sacristim,
1605 4181 1693 4253 ubi
1722 4190 1807 4235 est

224 4268 250 4291 υ
288 4269 471 4308 mensa
503 4250 733 4318 Domini,
764 4268 883 4322 quae
912 4254 1091 4305 omnia
1117 4253 1277 4322 582
1306 4251 1407 4304 sub
1438 4250 1604 4303 tribus
1630 4250 1807 4305 diver-

224 4324 308 4379 sis
331 4324 493 4378 serris
515 4333 568 4378 et
596 4323 832 4377 clavibus
854 4322 1033 4376 clausa
1063 4323 1200 4384 sint;
1227 4335 1449 4388 quarum
1481 4334 1639 4373 unam
1666 4322 1808 4375 vica-

225 4394 363 4456 rius,
388 4394 547 4447 aliam
576 4391 925 4455 camerarius,
953 4404 1005 4446 et
1043 4390 1198 4444 aliam
1225 4391 1493 4459 antiquior
1520 4391 1807 4444 canonicos

222 4465 422 4518 debeat
446 4463 708 4528 retinere;
740 4472 792 4515 et
818 4461 896 4515 sic
926 4476 1017 4528 per
1042 4463 1216 4529 ipsum
1246 4460 1525 4529 vicarium,
1561 4474 1806 4513 camera-

1877 519 1931 562 et
1949 507 2187 576 capituli,
2217 507 2395 559 nullus
2426 512 2596 576 tentet
2624 502 2706 576 Ade
2738 504 2870 576 loco
2910 499 2996 576 ubi
3044 510 3167 576 stitit
3187 506 3452 576 __rcpos_it:i

1881 572 2181 636 removere,
2223 577 2326 630 nisi
2369 590 2466 644 pro
2517 573 2749 626 evidenti
2781 586 2939 624 cattsa
2974 572 3136 636 ipeiUs
3185 572 3462 644 Ecclesiae,

1878 652 1959 701 vel
1984 647 2209 715 alicujus
2236 642 2646 699 deserVientium
2678 644 2728 715 iu
2760 646 3063 715 e:nlent_;_et
3096 651 3220 693 tunc
3262 642 3312 694 in
3352 658 3464 694 tua.

1880 718 2036 771 nibus
2070 710 2276 781 vicarii,
2307 730 2403 768 seu
2450 713 2903 781 camerariorum.
2941 710 3073 763 infra
3122 720 3328 778 Icttlptts
3373 728 3465 779 per

1881 787 2136 841 vicarium
2177 795 2228 838 et
2265 784 2592 839 camerarios
2627 780 3023 850 tqmligcudum,
3057 782 3251 833 debeat
3290 785 3354 834 ad
3388 785 3466 849 ip-

1878 872 1967 910 sos
1996 854 2321 911 camerarios
2348 853 2632 922 reportari.
2665 855 2728 904 Et
2756 852 3085 922 contrarium
3113 850 3317 905 faciens
3362 867 3459 906 ei-

1878 924 2375 980 communicationis
2416 921 2678 978 sententia
2707 935 2767 976 se
2813 923 3018 975 noverit
3065 921 3396 987 ἰιηιοιιευυηι,
3431 938 3460 974 a

1880 1011 1981 1064 qua
2004 994 2208 1049 absolvi
2236 1005 2483 1063 nequeat,
2532 992 2633 1047 nisi
2676 993 2765 1045 illa
2815 1001 3051 1059 reportet
3103 991 3345 1059 primitus
3395 995 3462 1047 ad

1882 1066 2138 1119 sacristize
2170 1067 2363 1129 locum,
2396 1064 2535 1118 unde
2565 1073 2861 1128 receperat.

1885 1157 1969 1211 III.
2011 1155 2233 1210 [lubrica
2276 1156 2341 1210 de
2388 1156 2666 1213 canonicis.
2721 1154 3033 1220 beneﬁciatis
3088 1163 3135 1206 et
3184 1156 3461 1226 acolylliis,

2246 1227 2574 1296 ipsorumque
2603 1240 2814 1277 numero
2837 1236 2882 1276 et
2910 1226 3095 1294 gradu.

1953 1315 2045 1371 2|.
2087 1315 2142 1368 In
2172 1313 2407 1369 Ecclesia
2453 1312 2803 1367 Lateranensi
2851 1325 3108 1381 perpetuo
3154 1322 3211 1366 et
3256 1326 3471 1370 succes-

1887 1386 2003 1440 sive
2026 1387 2132 1437 siut
2162 1387 2345 1437 decem
2368 1394 2421 1436 et
2447 1392 2569 1436 octo
2594 1382 2862 1444 canonici,
2891 1393 2944 1435 et
2977 1383 3195 1436 totidem
3224 1390 3473 1451 praeben-

1887 1456 1991 1518 dce,
2024 1463 2219 1521 praeter
2260 1452 2601 1521 prmbendam
2641 1452 2842 1504 domini
2869 1452 3198 1506 cardinalis:
3245 1468 3473 1519 quarum

1893 1523 2304 1592 praebeinlarttm
2376 1529 2498 1592 octo
2563 1530 2689 1575 sunt
2746 1522 3160 1592 presbyterales,
3226 1524 3476 1579 videlicet

1890 1590 2173 1662 praebenda
2218 1590 2492 1662 Laurentii
2532 1592 2600 1645 de
2629 1591 2942 1662 Argeleriis,
2975 1590 3247 1644 Fraucisci
3276 1593 3344 1646 de
3374 1594 3477 1649 Ve.

1891 1659 2079 1726 ueriis,
2104 1662 2325 1717 Joannis
2347 1664 2415 1716 de
2437 1659 2689 1725 Viterbio,
2721 1660 2958 1714 Uddonis
2981 1662 3050 1715 de
3076 1673 3262 1715 sancto
3290 1663 3473 1717 Eusta-

1890 1735 2034 1798 chio,
2064 1731 2335 1786 Fraucisci
2358 1732 2424 1785 de
2447 1730 2706 1796 Utriculo,
2748 1730 2938 1799 Augeli
2979 1730 3334 1797 Picciardelli,
3365 1734 3478 1787 Ud-

1818 1804 1866 1864 B
1890 1804 2045 1858 denis
2072 1803 2140 1857 de
2177 1802 2458 1864 Columna,
2492 1810 2547 1854 et
2576 1799 2800 1854 Romani
2841 1803 2907 1854 de
2935 1800 3214 1865 Micardis;
3246 1802 3481 1871 quinque

1893 1888 2024 1928 vero
2050 1879 2175 1927 sunt
2202 1871 2529 1935 diaconales,
2563 1871 2766 1925 scilicet
2793 1891 2804 1924 :
2831 1870 3065 1924 Marcelli
3099 1873 3167 1925 de
3194 1870 3479 1936 Columna,

1893 1942 2119 2011 Philippi
2149 1944 2216 1996 de
2246 1941 2525 2009 Philippis,
2557 1940 2739 1994 Jacobi
2770 1944 2838 1994 de
2889 1940 3219 2005 Papaluccis,
3255 1942 3477 1997 'l‘homa:

1891 2014 1959 2067 de
1989 2014 2163 2066 Monte
2217 2011 2400 2081 Nigro,
2429 2020 2482 2064 et
2533 2010 2787 2077 Stephani
2835 2012 3171 2081 Normandis.
3229 2014 3475 2081 Quinque

1893 2098 2023 2138 vero
2071 2091 2195 2135 sunt
2238 2080 2669 2147 subtliaconales,
2701 2080 2993 2134 videlicet:
3033 2079 3251 2135 Joannis
3303 2079 3475 2145 LeSsi,

1895 2150 2129 2207 Matthia:
2157 2150 2223 2205 de
2247 2159 2434 2204 sancto
2464 2151 2772 2214 Eustachio,
2816 2150 2955 2204 Petri
2980 2150 3046 2205 de
3073 2151 3354 2217 Columna,
3380 2153 3485 2207 Ca-

1895 2224 2037 2277 milli
2076 2220 2223 2275 Pauli
2250 2222 2318 2274 de
2344 2218 2629 2288 Columna,
2658 2231 2712 2275 et
2733 2219 2954 2275 Joannis
2980 2219 3047 2273 de
3076 2220 3321 2274 Barattis.

1967 2291 2060 2344 22.
2102 2292 2170 2346 Et
2198 2290 2339 2359 quod
2369 2288 2589 2359 quilibet
2641 2291 2931 2344 canonicus
2988 2292 3361 2355 prmbeudatus
3415 2294 3485 2348 de

1900 2370 2098 2417 caetero
2128 2360 2183 2415 in
2224 2361 2340 2427 ipsa
2372 2360 2596 2415 ecclesia
2644 2360 2984 2427 recipiendus
3009 2360 3143 2413 intra
3199 2376 3396 2416 annum
3453 2383 3482 2418 a

1901 2443 2139 2499 tempore
2167 2430 2521 2498 possessionis
2566 2429 2773 2499 adepta:
2819 2432 3256 2498 computandum,
3296 2433 3361 2487 ad
3395 2447 3486 2487 or-

1899 2503 2101 2571 dinem,
2144 2514 2305 2571 quem
2335 2514 2431 2571 sua
2471 2500 2757 2571 pragbeuda
2798 2500 3044 2568 requirit,
3083 2516 3142 2556 se
3171 2501 3328 2556 faciat
3360 2518 3485 2571 pro-

1902 2570 2125 2626 moveri.
2150 2567 2303 2637 Quod
2334 2570 2379 2624 si
2408 2567 2519 2624 non
2555 2567 2767 2633 fecerit,
2798 2572 2868 2623 sit
2914 2574 3028 2624 suis
3071 2567 3388 2626 canonicatu
3431 2587 3487 2627 et

1904 2641 2190 2711 praebenda
2212 2639 2455 2711 privatus
2483 2642 2598 2707 ipso
2630 2641 2789 2693 facto.
2823 2640 2886 2693 Et
2917 2641 2960 2694 si
2987 2650 3107 2709 post
3128 2655 3322 2695 annum
3354 2658 3487 2710 prze-

1904 2709 2104 2765 uicutm
2136 2709 2255 2763 talis
2280 2711 2361 2764 sic
2398 2710 2637 2778 privatus
2666 2710 2866 2776 aliquid
2910 2711 3231 2777 perceperit,
3273 2709 3485 2767 excom-

1905 2779 2282 2835 municationis
2307 2794 2522 2849 pinnam
2550 2779 2831 2834 confestim
2858 2780 3114 2842 incurrat,
3147 2792 3202 2834 et
3230 2786 3296 2836 ad
3329 2785 3485 2839 resti-

1908 2853 2167 2906 tutionem
2224 2851 2411 2904 talium
2464 2850 2728 2903 fructuum
2795 2859 3063 2914 teneatur,
3116 2850 3183 2904 ab
3238 2854 3494 2921 omnique

1911 2935 2295 2975 canonicorum
2333 2922 2605 2991 consortio
2642 2930 2696 2974 et
2726 2922 2944 2987 capituli
2980 2920 3281 2987 repellatur.
3327 2920 3485 2977 Et'ex

1911 3000 2037 3045 tunc
2063 2992 2223 3044 etiam
2258 3004 2351 3058 per
2372 2992 2741 3053 camerarios,
2773 2991 2854 3060 vel
2906 3005 2999 3043 eos
3027 3006 3375 3060 quoscunque
3405 2994 3491 3045 ni-

1908 3061 1985 3115 hil
2014 3061 2112 3114 sibi
2136 3061 2504 3124 ministretur;
2535 3069 2589 3112 et
2630 3061 2719 3127 qui
2764 3058 2992 3113 scientes
3033 3060 3232 3127 aliquid
3255 3058 3303 3114 ei
3333 3063 3493 3115 mini-

1915 3131 2167 3184 straverit
2213 3139 2399 3184 contra
2454 3136 2693 3183 tenerem
2723 3143 2753 3182 c
2792 3129 3123 3183 nsututiouis
3170 3132 3492 3198 bujusmodi,

1833 3178 1880 3241 C
1913 3178 2693 3267 utimini“;astismos
2715 3178 3487 3256 causa;estiussus}:

1913 3279 1996 3325 tur
2034 3274 2133 3323 sub
2161 3284 2318 3338 ptnna
2351 3270 2587 3337 prmdimi
2615 3268 2927 3336 juratneuti.

1981 3340 2139 3411 533
2170 3342 2412 3411 25.1mm
2444 3339 2726 3411 statuimus
2746 3347 2807 3411 et
2842 3338 3151 3411 ot‘liuamus
3172 3340 3310 3408 quod
3333 3354 3494 3398 cano-

1909 3409 2012 3466 nici
2040 3409 2491 3479 prfebendati,qui
2512 3417 2636 3476 sunt
2666 3411 2722 3480 iu
2741 3410 2850 3475 ipsa
2878 3409 3110 3480 Ecclesia
3133 3409 3241 3478 jam
3268 3415 3489 3480 recepti,

1908 3483 2044 3537 infra
2071 3496 2265 3534 annum
2296 3495 2325 3533 a
2349 3478 2590 3547 tempore
2639 3479 2747 3547 pub
2770 3478 3011 3534 icatiOuis
3052 3480 3352 3549 hujosmodi
3382 3478 3492 3536 sta-

1910 3561 2144 3607 tutorum
2204 3567 2263 3605 se
2314 3550 2618 3618 promoveri
2661 3550 2859 3602 faciant
2905 3549 2970 3603 ad
3021 3563 3205 3603 sacros
3254 3552 3494 3618 ordines,

1906 3637 2042 3696 quos
2060 3622 2093 3696 ἰ)
2113 3634 2295 3676 sorum
2316 3620 2611 3696 prmheudue
2636 3624 2911 3696 requirunt
2927 3629 3016 3696 ;_et
3039 3619 3085 3696 si
3110 3634 3215 3696 non
3242 3620 3487 3688 fecerint;

1910 3689 2149 3761 ipsorum
2176 3693 2576 3746 canonicatibus
2602 3700 2659 3744 et
2690 3689 2989 3757 praebendis
3035 3693 3142 3745 sint
3187 3692 3303 3758 ipso
3353 3696 3490 3748 tactu

1911 3764 2124 3828 privati,
2151 3762 2390 3828 exceptis
2422 3761 2525 3814 illis
2553 3760 2643 3827 qui
2672 3775 2777 3813 non
2810 3770 2933 3813 sunt
2965 3762 3015 3813 in
3059 3769 3216 3815 uitale
3241 3763 3306 3813 ad
3352 3767 3490 3816 reci-

1910 3831 2135 3897 piendos
2160 3830 2378 3884 ordines
2408 3830 2969 3897 legitimaconstituti.
2999 3831 3157 3886 Tales
3193 3848 3312 3884 cum
3357 3833 3494 3888 infra

1908 3914 2155 3953 auntnua
2185 3910 2423 3966 tempore
2436 3914 2541 3965 quo
2563 3906 2772 3951 aetatem
2795 3901 2860 3951 ad
2892 3900 3108 3953 ordines
3136 3905 3496 3957 necessariam

1908 3968 2725 4040 compleveruntcomputandum
2767 3968 2910 4035 ipsos
2958 3970 3179 4024 ordines
3223 3978 3495 4040 SUSClpl're

1910 4051 2210 4106 teneantur,
2239 4038 2471 4108 alioquin
2497 4038 2737 4091 eamdem
2782 4051 3003 4106 pinnam
3042 4038 3382 4107 privationis'
3416 4044 3497 4095 in-

1908 4125 2043 4164 ClII'I'.
2067 4120 2144 4163 ιιι.

1983 4180 2196 4233 Interim
2222 4193 2345 4232 vero
2374 4186 2478 4230 tam
2503 4176 2577 4230 illi
2605 4191 2761 4246 quam
2781 4176 2869 4230 alii
2898 4180 2985 4245 qui
3009 4192 3073 4232 ex
3093 4178 3494 4247 dispensatione

1909 4251 2200 4318 apostolica
2228 4252 2308 4303 vel
2340 4248 2443 4301 alia
2466 4248 2608 4315 justa
2636 4262 2795 4300 causa
2819 4253 3118 4315 promoveri
3146 4265 3251 4303 non
3278 4260 3499 4305 tenean-

1910 4330 2020 4387 tur,
2046 4335 2139 4374 seu
2170 4323 2257 4387 qui
2278 4359 2293 4383 ,
2328 4318 2450 4372 licet
2481 4328 2663 4372 essent
2697 4318 2962 4384 promoti,
2987 4331 3166 4373 essent
3199 4330 3373 4375 tamen
3404 4323 3500 4375 ab-

1908 4403 2108 4455 sentes,
2141 4393 2223 4443 Vcl
2253 4393 2297 4443 si
2330 4399 2620 4455 praesentes
2646 4398 2826 4441 es~ent
2870 4399 2925 4442 et
2962 4390 3161 4444 nolent
3201 4394 3494 4447 secundum

1912 4473 2154 4515 tenorem
2189 4473 2531 4529 pra-seuuum
2561 4465 2879 4511 statutorum
2913 4460 2991 4514 eis
3040 4463 3350 4515 incumbens
3380 4465 3499 4517 olli-

225 4536 368 4588 rium
408 4542 465 4587 et
493 4533 1199 4609 ant_iquiore_m_eauonicum
1227 4542 1589 4609 conservetur,
1614 4542 1664 4583 et
1690 4530 1808 4583 tali-
1839 4549 1891 4609 ι)
1916 4547 2069 4609 erunt
2113 4544 2385 4609 exercere,
2426 4530 2664 4582 defectus
2709 4542 2837 4609 suos
2884 4545 2979 4609 per
3027 4533 3161 4609 alios
3209 4534 3499 4587 canonicos

229 4615 343 4666 ter,
372 4603 510 4672 quod
535 4599 690 4667 alter,
724 4602 802 4655 vel
826 4601 1100 4672 alteruter,
1131 4601 1246 4654 sine
1275 4600 1391 4653 aliis
1411 4599 1657 4653 omnibus
1683 4614 1809 4667 ape-

228 4673 452 4742 rireAvel
480 4672 717 4742 sigillare
746 4685 849 4725 non
885 4671 1071 4742 possit.

307 4739 391 4797 I9.
433 4737 559 4794 ltetn
598 4737 1043 4808 staluintus'quod
1085 4738 1407 4794 camerarius
1456 4737 1542 4791 vel
1588 4740 1808 4794 sacrista

228 4825 460 4880 pannos,
491 4812 673 4875 libros,
709 4821 1034 4880 paramenta,
1067 4810 1149 4863 vel
1191 4809 1295 4862 alia
1317 4822 1469 4880 sacra
1497 4823 1620 4862 vasa
1650 4810 1807 4865 alicui

227 4879 393 4935 extra
434 4879 728 4935 Ecclesiaui
776 4881 1093 4947 asportanda
1141 4879 1438 4933 concedere
1478 4880 1623 4931 nullo
1649 4880 1810 4936 modo

228 4964 538 5020 praesumat,
572 4952 688 5004 sine
743 4950 949 5004 licentia
1000 4950 1219 5013 vicarii,
1264 4949 1348 5003 vel
1391 4951 1807 5020 camerariorum

226 5017 479 5088 primitus
519 5036 623 5073 non
656 5025 895 5074 obtenta.
931 5020 994 5073 Et
1025 5029 1150 5072 tunc
1178 5017 1458 5072 camerarii
1483 5027 1537 5071 et
1566 5019 1807 5086 scripto-

229 5105 324 5145 res
351 5093 579 5145 debeant
602 5091 652 5143 in
694 5092 932 5160 ipsorum
980 5089 1127 5142 libris
1176 5089 1468 5160 ascribere
1500 5091 1802 5155 portitores.

226 5161 296 5215 Al
322 5176 380 5213 as
410 5156 978 5214 excommunicationis
996 5158 1315 5212 sententiam
1332 5156 1565 5211 incidant
1587 5160 1803 5227 eoipso,

225 5246 261 5283 a
280 5245 381 5297 qua
411 5231 614 5284 absolvi
638 5245 807 5300 neque
823 5238 905 5283 int
937 5227 1032 5283 nisi
1053 5242 1145 5295 per
1168 5228 1443 5300 dominum
1460 5227 1805 5300 cardinaleni,

222 5300 325 5371 vel
357 5300 479 5371 ejus
512 5298 789 5364 vicarium,
821 5311 875 5371 et
909 5300 1181 5371 satisfacto
1210 5300 1359 5371 prius
1383 5298 1450 5351 de
1478 5299 1801 5371 COlJlllllSSlS.

303 5367 405 5426 20$
433 5372 789 5426 luventarium
810 5370 877 5424 de
904 5370 1060 5424 rebus
1082 5368 1400 5423 omnibusin
1428 5367 1664 5422 sacristia
1695 5370 1809 5424 exi.

220 5441 490 5496 stentibus
527 5456 621 5509 per
653 5442 904 5495 vicarium
948 5450 1002 5493 et
1049 5438 1337 5509 capitulum
1380 5439 1618 5507 quolibet
1663 5454 1804 5495 anno

222 5514 352 5579 liat;
384 5519 440 5565 et
484 5508 785 5581 privilegia,
826 5520 1042 5576 statuta,
1094 5508 1179 5563 vel
1219 5508 1571 5563 instrumenta
1603 5510 1717 5563 sine
1741 5511 1805 5564 li-

1918 4602 2150 4670 suppleri
2175 4601 2351 4655 facere
2381 4610 2660 4652 teneantur
2687 4638 2702 4663 ,
2735 4599 2813 4652 sic
2840 4601 2981 4668 quod
3024 4600 3273 4669 injunctts
3304 4605 3384 4656 vel
3418 4606 3499 4657 in-

1915 4671 2201 4741 jungeudts
2259 4674 2351 4741 eis
2384 4670 2576 4723 olliciis
2616 4670 2794 4723 nullus
2829 4672 2879 4723 in
2918 4670 3153 4725 Ecclesia
3184 4674 3352 4738 possit
3379 4688 3499 4728 esse

1918 4740 2177 4796 delectus.
2206 4740 2357 4808 Quod
2389 4744 2429 4793 si
2460 4740 2685 4810 quisque
2713 4742 2889 4795 facere
2921 4742 3246 4796 recusaverit
3266 4783 3280 4802 .
3313 4759 3491 4797 came-

1918 4813 2045 4866 rarii
2072 4812 2141 4866 de
2170 4812 2430 4866 fructibus
2476 4810 2775 4879 praebenda:
2809 4812 2951 4864 illius
2984 4827 3226 4866 cauouci
3260 4815 3344 4867 cui
3375 4816 3497 4867 olli-

1915 4880 2057 4936 cium
2090 4883 2349 4936 incumbit
2376 4886 2583 4949 triginta
2632 4879 2833 4954 solidos
2864 4896 2958 4954 pro
2987 4882 3277 4952 septimana
3324 4885 3497 4954 quali-

1916 4954 2007 5007 bet
2032 4954 2313 5008 detrahere
2344 4960 2650 5017 teneantur;
2680 4951 2749 5005 de
2796 4952 3056 5007 fructibus
3102 4970 3227 5007 vero
3258 4951 3401 5009 illius
3430 4958 3495 5008 ad

1918 5038 2073 5092 quem
2099 5024 2330 5077 officium
2353 5023 2565 5076 diaconi
2592 5023 2673 5092 vel
2702 5021 3014 5077 subdiaconi
3048 5022 3337 5092 pertineret
3368 5026 3497 5080 soli-

1919 5091 2016 5148 dos
2048 5095 2255 5163 viginti,
2282 5107 2417 5162 quos
2440 5092 2517 5146 illi
2551 5091 2637 5163 vel
2664 5092 2767 5146 illis
2789 5108 2875 5160 qui
2914 5108 3009 5161 pro
3034 5111 3099 5147 eo
3144 5095 3343 5149 faciunt
3371 5096 3494 5150 olli-

1917 5164 2058 5218 cium
2091 5164 2415 5229 ministrent,
2445 5163 2526 5216 vel
2558 5162 2623 5215 de
2660 5163 3124 5217 distributionibus
3152 5166 3490 5229 earumdem,

1919 5244 2077 5302 prout
2107 5238 2305 5289 vicario
2329 5244 2383 5288 et
2408 5233 2717 5287 camerariis
2764 5235 3046 5288 videbitur.
3101 5237 3249 5301 Quod
3299 5238 3345 5290 si
3397 5251 3497 5292 nec

1917 5309 2121 5360 fructus
2150 5320 2365 5375 grossos
2393 5321 2492 5357 nec
2513 5304 2915 5375 distributiones
2945 5304 3076 5359 tales
3108 5308 3388 5372 haberent,
3407 5324 3496 5360 cu-

1918 5371 2231 5446 pitulumad
2264 5375 2403 5444 quod
2436 5384 2559 5428 tunc
2602 5378 2732 5426 tales
2762 5371 2970 5446 fructus
3003 5379 3346 5443 pertinebunt
3373 5371 3494 5432 sine

1913 5443 2175 5503 dilatione
2214 5443 2391 5514 aliqua
2434 5447 2606 5498 solvat
2655 5443 3078 5500 ministrantibus
3126 5462 3221 5514 pro
3266 5450 3490 5513 eisdem,

1913 5528 1968 5574 et
2000 5520 2065 5573 ad
2098 5519 2198 5573 boc
2225 5515 2506 5571 ramerarii
2539 5528 2816 5570 teneantur
2845 5529 2908 5569 ex
2934 5518 3490 5587 propriojuramento.

299 5680 319 5705 ιι
367 5670 417 5723 ld
468 5680 577 5743 est,
627 5671 712 5724 ubi
758 5668 1088 5743 Euchatislia
1133 5666 1536 5743 assrrvattir__in
1594 5668 1878 5743 viaticum;
1913 5691 2031 5728 nam
2084 5673 2414 5728 iiut-haristia
2470 5679 2594 5726 tunc
2638 5671 2892 5743 temporis
2934 5672 3253 5729 servabatur
3298 5674 3349 5727 in
3401 5687 3487 5727 cor

224 5741 415 5813 pliino,
444 5758 514 5798 cx
543 5741 919 5799 eremouiali
945 5739 1090 5796 l’ctri
1131 5736 1323 5797 Amelii
1352 5750 1403 5792 c.
1431 5738 1505 5794 '50
1556 5748 1608 5794 et
1642 5737 1761 5795 I51.
