  <div class='ocr_page' id='page_1' title='image "/cluster/home/n/w/nwhite01/storage/ocr_20150623/78/uva.x000827090/707.png"; bbox 0 0 3990 6316; ppageno 0'>
   <div class='ocr_carea' id='block_1_1' title="bbox 552 314 692 367">
    <p class='ocr_par' dir='ltr' id='par_1_1' title="bbox 552 314 692 367">
     <span class='ocr_line' id='line_1_1' title="bbox 552 314 692 367; baseline -0.014 0"><span class='ocrx_word' id='word_1_1' title='bbox 552 314 692 367; x_wconf 71' lang='grc'><strong>139.)</strong></span> 
     </span>
    </p>
   </div>
   <div class='ocr_carea' id='block_1_2' title="bbox 1447 302 2915 367">
    <p class='ocr_par' dir='ltr' id='par_1_2' title="bbox 1447 302 2915 367">
     <span class='ocr_line' id='line_1_2' title="bbox 1447 302 2915 367; baseline -0.004 -4"><span class='ocrx_word' id='word_1_2' title='bbox 1447 306 1789 363; x_wconf 75' lang='grc' dir='ltr'><strong>ΑΡΡΕΝΒΙΧ</strong></span> <span class='ocrx_word' id='word_1_3' title='bbox 1829 306 1919 360; x_wconf 81' lang='lat' dir='ltr'><strong>AD</strong></span> <span class='ocrx_word' id='word_1_4' title='bbox 1957 306 2015 361; x_wconf 88' lang='lat' dir='ltr'><strong>S.</strong></span> <span class='ocrx_word' id='word_1_5' title='bbox 2058 302 2382 360; x_wconf 76' lang='lat' dir='ltr'><strong>GRECORII</strong></span> <span class='ocrx_word' id='word_1_6' title='bbox 2421 302 2631 360; x_wconf 73' lang='lat' dir='ltr'><strong>MAGNI</strong></span> <span class='ocrx_word' id='word_1_7' title='bbox 2668 303 2915 367; x_wconf 69' lang='lat' dir='ltr'><strong>OPERA.</strong></span> 
     </span>
    </p>
   </div>
   <div class='ocr_carea' id='block_1_3' title="bbox 3660 304 3795 359">
    <p class='ocr_par' dir='ltr' id='par_1_3' title="bbox 3660 304 3795 359">
     <span class='ocr_line' id='line_1_3' title="bbox 3660 304 3795 359; baseline 0.022 -3"><span class='ocrx_word' id='word_1_8' title='bbox 3660 304 3795 359; x_wconf 66' lang='lat'><strong>“00</strong></span> 
     </span>
    </p>
   </div>
   <div class='ocr_carea' id='block_1_4' title="bbox 552 418 2135 509">
    <p class='ocr_par' dir='ltr' id='par_1_4' title="bbox 552 438 2116 509">
     <span class='ocr_line' id='line_1_4' title="bbox 552 438 2116 509; baseline -0.001 -15"><span class='ocrx_word' id='word_1_9' title='bbox 552 440 638 494; x_wconf 87' lang='lat' dir='ltr'><strong>IV.</strong></span> <span class='ocrx_word' id='word_1_10' title='bbox 674 440 897 493; x_wconf 76' lang='lat' dir='ltr'><strong>Rubrtca</strong></span> <span class='ocrx_word' id='word_1_11' title='bbox 926 441 987 491; x_wconf 85' lang='lat' dir='ltr'><strong>de</strong></span> <span class='ocrx_word' id='word_1_12' title='bbox 1016 454 1224 489; x_wconf 80' lang='lat' dir='ltr'><strong>munero</strong></span> <span class='ocrx_word' id='word_1_13' title='bbox 1265 438 1673 505; x_wconf 75' lang='lat' dir='ltr'><strong>beneﬁciatorum</strong></span> <span class='ocrx_word' id='word_1_14' title='bbox 1699 486 1712 503; x_wconf 81' lang='lat'><strong>,</strong></span> <span class='ocrx_word' id='word_1_15' title='bbox 1760 451 1806 493; x_wconf 80' lang='lat' dir='ltr'><strong>et</strong></span> <span class='ocrx_word' id='word_1_16' title='bbox 1847 456 1964 509; x_wconf 72' lang='lat' dir='ltr'><strong>qua:</strong></span> <span class='ocrx_word' id='word_1_17' title='bbox 1988 455 2116 506; x_wconf 66' lang='lat' dir='ltr'><strong>pra?-</strong></span> 
     </span>
    </p>
   </div>
   <div class='ocr_carea' id='block_1_5' title="bbox 2240 418 3797 509">
    <p class='ocr_par' dir='ltr' id='par_1_5' title="bbox 2240 418 3797 509">
     <span class='ocr_line' id='line_1_5' title="bbox 2240 418 3797 509; baseline -0.002 -37"><span class='ocrx_word' id='word_1_18' title='bbox 2240 418 2456 509; x_wconf 52' lang='lat' dir='ltr'><strong>Eonales.</strong></span> <span class='ocrx_word' id='word_1_19' title='bbox 2480 419 2727 509; x_wconf 59' lang='lat' dir='ltr'><strong>Quatuor&quot;</strong></span> <span class='ocrx_word' id='word_1_20' title='bbox 2758 433 2887 509; x_wconf 44' lang='lat' dir='ltr'><strong>vero</strong></span> <span class='ocrx_word' id='word_1_21' title='bbox 2916 418 3508 509; x_wconf 44' lang='lat' dir='ltr'><strong>beneficiatires‘tante&#39;s</strong></span> <span class='ocrx_word' id='word_1_22' title='bbox 3528 421 3639 509; x_wconf 68' lang='lat' dir='ltr'><strong>sint</strong></span> <span class='ocrx_word' id='word_1_23' title='bbox 3669 421 3797 509; x_wconf 53' lang='lat' dir='ltr'><strong>iii:-</strong></span> 
     </span>
    </p>
   </div>
   <div class='ocr_carea' id='block_1_6' title="bbox 620 509 2116 579">
    <p class='ocr_par' dir='ltr' id='par_1_6' title="bbox 620 509 2116 579">
     <span class='ocr_line' id='line_1_6' title="bbox 620 509 2116 579; baseline -0.001 -16"><span class='ocrx_word' id='word_1_24' title='bbox 620 512 797 564; x_wconf 73' lang='lat' dir='ltr'><strong>bendw</strong></span> <span class='ocrx_word' id='word_1_25' title='bbox 827 512 1049 579; x_wconf 75' lang='lat' dir='ltr'><strong>ipsorum</strong></span> <span class='ocrx_word' id='word_1_26' title='bbox 1079 509 1181 579; x_wconf 79' lang='lat' dir='ltr'><strong>sint</strong></span> <span class='ocrx_word' id='word_1_27' title='bbox 1231 510 1624 577; x_wconf 57' lang='lat' dir='ltr'><strong>pres‘ylerales,</strong></span> <span class='ocrx_word' id='word_1_28' title='bbox 1646 526 1757 579; x_wconf 74' lang='lat' dir='ltr'><strong>qua:</strong></span> <span class='ocrx_word' id='word_1_29' title='bbox 1797 511 2116 575; x_wconf 81' lang='lat' dir='ltr'><strong>diaconales,</strong></span> 
     </span>
    </p>
   </div>
   <div class='ocr_carea' id='block_1_7' title="bbox 618 577 1233 647">
    <p class='ocr_par' dir='ltr' id='par_1_7' title="bbox 618 577 1233 647">
     <span class='ocr_line' id='line_1_7' title="bbox 618 577 1233 647; baseline -0.011 -14"><span class='ocrx_word' id='word_1_30' title='bbox 618 591 665 633; x_wconf 83' lang='lat' dir='ltr'><strong>et</strong></span> <span class='ocrx_word' id='word_1_31' title='bbox 692 596 806 647; x_wconf 71' lang='lat' dir='ltr'><strong>qua:</strong></span> <span class='ocrx_word' id='word_1_32' title='bbox 829 577 1233 631; x_wconf 80' lang='lat' dir='ltr'><strong>subdiaconulcs.</strong></span> 
     </span>
    </p>
   </div>
   <div class='ocr_carea' id='block_1_8' title="bbox 619 684 2120 757">
    <p class='ocr_par' dir='ltr' id='par_1_8' title="bbox 619 684 2120 757">
     <span class='ocr_line' id='line_1_8' title="bbox 619 684 2120 757; baseline 0.004 -17"><span class='ocrx_word' id='word_1_33' title='bbox 619 689 721 757; x_wconf 68' lang='lat'><strong>24._</strong></span> <span class='ocrx_word' id='word_1_34' title='bbox 773 684 847 738; x_wconf 84' lang='lat' dir='ltr'><strong>De</strong></span> <span class='ocrx_word' id='word_1_35' title='bbox 880 685 1224 757; x_wconf 18' lang='lat' dir='ltr'><strong>,bcncficiatis</strong></span> <span class='ocrx_word' id='word_1_36' title='bbox 1270 686 1649 757; x_wconf 13' lang='lat' dir='ltr'><strong>,Lateranensis</strong></span> <span class='ocrx_word' id='word_1_37' title='bbox 1695 689 1945 745; x_wconf 62' lang='lat' dir='ltr'><strong>Ecclesia!</strong></span> <span class='ocrx_word' id='word_1_38' title='bbox 1986 707 2120 757; x_wconf 65' lang='lat' dir='ltr'><strong>prae-</strong></span> 
     </span>
    </p>
   </div>
   <div class='ocr_carea' id='block_1_9' title="bbox 549 754 2119 827">
    <p class='ocr_par' dir='ltr' id='par_1_9' title="bbox 549 754 2119 827">
     <span class='ocr_line' id='line_1_9' title="bbox 549 754 2119 827; baseline 0.003 -16"><span class='ocrx_word' id='word_1_39' title='bbox 549 754 1100 827; x_wconf 75' lang='lat' dir='ltr'><strong>scnti&#39;constitutione</strong></span> <span class='ocrx_word' id='word_1_40' title='bbox 1152 756 1402 809; x_wconf 83' lang='lat' dir='ltr'><strong>duximus</strong></span> <span class='ocrx_word' id='word_1_41' title='bbox 1453 759 1840 822; x_wconf 91' lang='lat' dir='ltr'><strong>ordinandum,</strong></span> <span class='ocrx_word' id='word_1_42' title='bbox 1880 754 2020 827; x_wconf 82' lang='lat' dir='ltr'><strong>quod</strong></span> <span class='ocrx_word' id='word_1_43' title='bbox 2066 763 2119 815; x_wconf 92' lang='lat' dir='ltr'><strong>in</strong></span> 
     </span>
    </p>
   </div>
   <div class='ocr_carea' id='block_1_10' title="bbox 550 826 2118 895">
    <p class='ocr_par' dir='ltr' id='par_1_10' title="bbox 550 826 2118 895">
     <span class='ocr_line' id='line_1_10' title="bbox 550 826 2118 895; baseline 0.002 -16"><span class='ocrx_word' id='word_1_44' title='bbox 550 834 659 894; x_wconf 90' lang='lat' dir='ltr'><strong>ipsa</strong></span> <span class='ocrx_word' id='word_1_45' title='bbox 694 826 929 880; x_wconf 82' lang='lat' dir='ltr'><strong>Ecclesia</strong></span> <span class='ocrx_word' id='word_1_46' title='bbox 964 838 1218 892; x_wconf 87' lang='lat' dir='ltr'><strong>perpetuo</strong></span> <span class='ocrx_word' id='word_1_47' title='bbox 1260 827 1368 880; x_wconf 89' lang='lat' dir='ltr'><strong>sint</strong></span> <span class='ocrx_word' id='word_1_48' title='bbox 1407 828 1589 885; x_wconf 55' lang='lat' dir='ltr'><strong>viginti</strong></span> <span class='ocrx_word' id='word_1_49' title='bbox 1638 831 1742 883; x_wconf 84' lang='lat' dir='ltr'><strong>duo</strong></span> <span class='ocrx_word' id='word_1_50' title='bbox 1786 826 2118 895; x_wconf 86' lang='lat' dir='ltr'><strong>beneficiati,</strong></span> 
     </span>
    </p>
   </div>
   <div class='ocr_carea' id='block_1_11' title="bbox 547 896 2121 968">
    <p class='ocr_par' dir='ltr' id='par_1_11' title="bbox 547 896 2121 968">
     <span class='ocr_line' id='line_1_11' title="bbox 547 896 2121 968; baseline 0.003 -20"><span class='ocrx_word' id='word_1_51' title='bbox 547 912 767 968; x_wconf 84' lang='lat' dir='ltr'><strong>quorum</strong></span> <span class='ocrx_word' id='word_1_52' title='bbox 788 896 1206 968; x_wconf 33' lang='lat' dir='ltr'><strong>‘QIlillUOI&#39;deCllfl</strong></span> <span class='ocrx_word' id='word_1_53' title='bbox 1253 898 1361 968; x_wconf 89' lang='lat' dir='ltr'><strong>sint</strong></span> <span class='ocrx_word' id='word_1_54' title='bbox 1391 899 1718 968; x_wconf 85' lang='lat' dir='ltr'><strong>presbyteri,</strong></span> <span class='ocrx_word' id='word_1_55' title='bbox 1754 899 1996 953; x_wconf 81' lang='lat' dir='ltr'><strong>videlicet</strong></span> <span class='ocrx_word' id='word_1_56' title='bbox 2027 900 2121 953; x_wconf 85' lang='lat' dir='ltr'><strong>Pe-</strong></span> 
     </span>
    </p>
   </div>
   <div class='ocr_carea' id='block_1_12' title="bbox 551 964 2121 1035">
    <p class='ocr_par' dir='ltr' id='par_1_12' title="bbox 551 964 2121 1035">
     <span class='ocr_line' id='line_1_12' title="bbox 551 964 2121 1035; baseline 0.005 -20"><span class='ocrx_word' id='word_1_57' title='bbox 551 964 662 1020; x_wconf 89' lang='lat' dir='ltr'><strong>trus</strong></span> <span class='ocrx_word' id='word_1_58' title='bbox 688 966 756 1017; x_wconf 92' lang='lat' dir='ltr'><strong>de</strong></span> <span class='ocrx_word' id='word_1_59' title='bbox 787 964 1022 1019; x_wconf 86' lang='lat' dir='ltr'><strong>Palliano</strong></span> <span class='ocrx_word' id='word_1_60' title='bbox 1052 966 1479 1035; x_wconf 79' lang='lat' dir='ltr'><strong>archipresbyter</strong></span> <span class='ocrx_word' id='word_1_61' title='bbox 1500 964 1568 1019; x_wconf 51' lang='lat' dir='ltr'><strong>de</strong></span> <span class='ocrx_word' id='word_1_62' title='bbox 1600 968 1853 1029; x_wconf 76' lang='lat' dir='ltr'><strong>Utriculo.</strong></span> <span class='ocrx_word' id='word_1_63' title='bbox 1888 968 2121 1022; x_wconf 78' lang='lat' dir='ltr'><strong>Lamen-</strong></span> 
     </span>
    </p>
   </div>
   <div class='ocr_carea' id='block_1_13' title="bbox 549 1034 2118 1102">
    <p class='ocr_par' dir='ltr' id='par_1_13' title="bbox 549 1034 2118 1102">
     <span class='ocr_line' id='line_1_13' title="bbox 549 1034 2118 1102; baseline 0.003 -17"><span class='ocrx_word' id='word_1_64' title='bbox 549 1038 654 1088; x_wconf 90' lang='lat' dir='ltr'><strong>tius</strong></span> <span class='ocrx_word' id='word_1_65' title='bbox 700 1035 979 1090; x_wconf 79' lang='lat' dir='ltr'><strong>Rusciolus</strong></span> <span class='ocrx_word' id='word_1_66' title='bbox 1030 1036 1096 1088; x_wconf 87' lang='lat' dir='ltr'><strong>de</strong></span> <span class='ocrx_word' id='word_1_67' title='bbox 1149 1034 1490 1102; x_wconf 85' lang='lat' dir='ltr'><strong>Pandolphis,</strong></span> <span class='ocrx_word' id='word_1_68' title='bbox 1523 1035 1753 1091; x_wconf 68' lang='lat' dir='ltr'><strong>Iacobus</strong></span> <span class='ocrx_word' id='word_1_69' title='bbox 1800 1038 1865 1090; x_wconf 91' lang='lat' dir='ltr'><strong>de</strong></span> <span class='ocrx_word' id='word_1_70' title='bbox 1912 1039 2118 1101; x_wconf 82' lang='lat' dir='ltr'><strong>Leolis,</strong></span> 
     </span>
    </p>
   </div>
   <div class='ocr_carea' id='block_1_14' title="bbox 548 1103 2123 1171">
    <p class='ocr_par' dir='ltr' id='par_1_14' title="bbox 548 1103 2123 1171">
     <span class='ocr_line' id='line_1_14' title="bbox 548 1103 2123 1171; baseline -0.001 -11"><span class='ocrx_word' id='word_1_71' title='bbox 548 1105 779 1160; x_wconf 81' lang='lat' dir='ltr'><strong>Joannes</strong></span> <span class='ocrx_word' id='word_1_72' title='bbox 809 1107 875 1157; x_wconf 91' lang='lat' dir='ltr'><strong>de</strong></span> <span class='ocrx_word' id='word_1_73' title='bbox 904 1103 1104 1171; x_wconf 83' lang='lat' dir='ltr'><strong>Campo</strong></span> <span class='ocrx_word' id='word_1_74' title='bbox 1150 1105 1340 1167; x_wconf 85' lang='lat' dir='ltr'><strong>Floris,</strong></span> <span class='ocrx_word' id='word_1_75' title='bbox 1384 1106 1615 1160; x_wconf 83' lang='lat' dir='ltr'><strong>Joannes</strong></span> <span class='ocrx_word' id='word_1_76' title='bbox 1661 1108 1729 1161; x_wconf 89' lang='lat' dir='ltr'><strong>de</strong></span> <span class='ocrx_word' id='word_1_77' title='bbox 1776 1108 1984 1171; x_wconf 71' lang='lat' dir='ltr'><strong>(latino,</strong></span> <span class='ocrx_word' id='word_1_78' title='bbox 2018 1108 2123 1159; x_wconf 87' lang='lat' dir='ltr'><strong>Nn-</strong></span> 
     </span>
    </p>
   </div>
   <div class='ocr_carea' id='block_1_15' title="bbox 548 1174 2121 1244">
    <p class='ocr_par' dir='ltr' id='par_1_15' title="bbox 548 1174 2121 1244">
     <span class='ocr_line' id='line_1_15' title="bbox 548 1174 2121 1244; baseline 0.001 -15"><span class='ocrx_word' id='word_1_79' title='bbox 548 1177 667 1229; x_wconf 89' lang='lat' dir='ltr'><strong>cius</strong></span> <span class='ocrx_word' id='word_1_80' title='bbox 724 1176 972 1244; x_wconf 78' lang='lat' dir='ltr'><strong>[Forsan</strong></span> <span class='ocrx_word' id='word_1_81' title='bbox 1033 1174 1270 1244; x_wconf 76' lang='lat' dir='ltr'><strong>Matius]</strong></span> <span class='ocrx_word' id='word_1_82' title='bbox 1327 1176 1467 1229; x_wconf 90' lang='lat' dir='ltr'><strong>Petri</strong></span> <span class='ocrx_word' id='word_1_83' title='bbox 1536 1176 1751 1240; x_wconf 77' lang='lat' dir='ltr'><strong>Bertae,</strong></span> <span class='ocrx_word' id='word_1_84' title='bbox 1820 1180 2121 1243; x_wconf 78' lang='lat' dir='ltr'><strong>Stephanus</strong></span> 
     </span>
    </p>
   </div>
   <div class='ocr_carea' id='block_1_16' title="bbox 549 1244 2122 1316">
    <p class='ocr_par' dir='ltr' id='par_1_16' title="bbox 549 1244 2122 1316">
     <span class='ocr_line' id='line_1_16' title="bbox 549 1244 2122 1316; baseline 0.002 -18"><span class='ocrx_word' id='word_1_85' title='bbox 549 1246 617 1298; x_wconf 85' lang='lat' dir='ltr'><strong>de</strong></span> <span class='ocrx_word' id='word_1_86' title='bbox 655 1244 921 1316; x_wconf 81' lang='lat' dir='ltr'><strong>Sublacu,</strong></span> <span class='ocrx_word' id='word_1_87' title='bbox 966 1244 1198 1316; x_wconf 78' lang='lat' dir='ltr'><strong>Joannes</strong></span> <span class='ocrx_word' id='word_1_88' title='bbox 1261 1245 1530 1316; x_wconf 73' lang='lat' dir='ltr'><strong>Serleonis</strong></span> <span class='ocrx_word' id='word_1_89' title='bbox 1591 1248 2017 1316; x_wconf 82' lang='lat' dir='ltr'><strong>archipresbyter</strong></span> <span class='ocrx_word' id='word_1_90' title='bbox 2054 1250 2122 1301; x_wconf 83' lang='lat' dir='ltr'><strong>de</strong></span> 
     </span>
    </p>
   </div>
   <div class='ocr_carea' id='block_1_17' title="bbox 546 1314 2117 1382">
    <p class='ocr_par' dir='ltr' id='par_1_17' title="bbox 546 1314 2117 1382">
     <span class='ocr_line' id='line_1_17' title="bbox 546 1314 2117 1382; baseline -0.002 -13"><span class='ocrx_word' id='word_1_91' title='bbox 546 1316 767 1378; x_wconf 86' lang='lat' dir='ltr'><strong>Arcula,</strong></span> <span class='ocrx_word' id='word_1_92' title='bbox 795 1315 1026 1369; x_wconf 81' lang='lat' dir='ltr'><strong>Joannes</strong></span> <span class='ocrx_word' id='word_1_93' title='bbox 1069 1314 1135 1368; x_wconf 86' lang='lat' dir='ltr'><strong>de</strong></span> <span class='ocrx_word' id='word_1_94' title='bbox 1165 1315 1355 1377; x_wconf 80' lang='lat' dir='ltr'><strong>Civita,</strong></span> <span class='ocrx_word' id='word_1_95' title='bbox 1388 1314 1582 1368; x_wconf 87' lang='lat' dir='ltr'><strong>Nucius</strong></span> <span class='ocrx_word' id='word_1_96' title='bbox 1612 1317 1676 1369; x_wconf 87' lang='lat' dir='ltr'><strong>tle</strong></span> <span class='ocrx_word' id='word_1_97' title='bbox 1707 1314 2117 1382; x_wconf 56' lang='lat' dir='ltr'><strong>sancto&#39;Marco,</strong></span> 
     </span>
    </p>
   </div>
   <div class='ocr_carea' id='block_1_18' title="bbox 554 1383 2121 1450">
    <p class='ocr_par' dir='ltr' id='par_1_18' title="bbox 554 1383 2121 1450">
     <span class='ocr_line' id='line_1_18' title="bbox 554 1383 2121 1450; baseline 0.001 -13"><span class='ocrx_word' id='word_1_98' title='bbox 554 1387 857 1438; x_wconf 83' lang='lat' dir='ltr'><strong>Dominicus</strong></span> <span class='ocrx_word' id='word_1_99' title='bbox 906 1385 975 1437; x_wconf 89' lang='lat' dir='ltr'><strong>de</strong></span> <span class='ocrx_word' id='word_1_100' title='bbox 1017 1383 1351 1450; x_wconf 84' lang='lat' dir='ltr'><strong>Campanea,</strong></span> <span class='ocrx_word' id='word_1_101' title='bbox 1410 1385 1705 1439; x_wconf 87' lang='lat' dir='ltr'><strong>Ganfredus</strong></span> <span class='ocrx_word' id='word_1_102' title='bbox 1744 1388 1809 1439; x_wconf 90' lang='lat' dir='ltr'><strong>de</strong></span> <span class='ocrx_word' id='word_1_103' title='bbox 1858 1387 2121 1440; x_wconf 78' lang='lat' dir='ltr'><strong>Autissio-</strong></span> 
     </span>
    </p>
   </div>
   <div class='ocr_carea' id='block_1_19' title="bbox 551 1454 2120 1522">
    <p class='ocr_par' dir='ltr' id='par_1_19' title="bbox 551 1454 2120 1522">
     <span class='ocr_line' id='line_1_19' title="bbox 551 1454 2120 1522; baseline 0 -16"><span class='ocrx_word' id='word_1_104' title='bbox 551 1458 704 1519; x_wconf 73' lang='lat' dir='ltr'><strong>tloro,</strong></span> <span class='ocrx_word' id='word_1_105' title='bbox 729 1456 996 1509; x_wconf 81' lang='lat' dir='ltr'><strong>ctNucius</strong></span> <span class='ocrx_word' id='word_1_106' title='bbox 1016 1454 1223 1517; x_wconf 82' lang='lat' dir='ltr'><strong>Amici;</strong></span> <span class='ocrx_word' id='word_1_107' title='bbox 1252 1457 1318 1505; x_wconf 92' lang='lat' dir='ltr'><strong>ita</strong></span> <span class='ocrx_word' id='word_1_108' title='bbox 1351 1455 1487 1522; x_wconf 92' lang='lat' dir='ltr'><strong>quod</strong></span> <span class='ocrx_word' id='word_1_109' title='bbox 1516 1455 1855 1509; x_wconf 88' lang='lat' dir='ltr'><strong>beneficiatus</strong></span> <span class='ocrx_word' id='word_1_110' title='bbox 1890 1459 2120 1516; x_wconf 83' lang='lat' dir='ltr'><strong>ipsorum</strong></span> 
     </span>
    </p>
   </div>
   <div class='ocr_carea' id='block_1_20' title="bbox 553 1524 2119 1592">
    <p class='ocr_par' dir='ltr' id='par_1_20' title="bbox 553 1524 2119 1592">
     <span class='ocr_line' id='line_1_20' title="bbox 553 1524 2119 1592; baseline 0.001 -17"><span class='ocrx_word' id='word_1_111' title='bbox 553 1536 809 1592; x_wconf 87' lang='lat' dir='ltr'><strong>perpetuo</strong></span> <span class='ocrx_word' id='word_1_112' title='bbox 851 1524 956 1578; x_wconf 90' lang='lat' dir='ltr'><strong>sint</strong></span> <span class='ocrx_word' id='word_1_113' title='bbox 985 1524 1393 1591; x_wconf 81' lang='lat' dir='ltr'><strong>prcsbyterales.</strong></span> <span class='ocrx_word' id='word_1_114' title='bbox 1426 1526 1662 1587; x_wconf 75' lang='lat' dir='ltr'><strong>Quatuor</strong></span> <span class='ocrx_word' id='word_1_115' title='bbox 1708 1541 1833 1579; x_wconf 90' lang='lat' dir='ltr'><strong>vero</strong></span> <span class='ocrx_word' id='word_1_116' title='bbox 1881 1526 2119 1589; x_wconf 89' lang='lat' dir='ltr'><strong>diaconi,</strong></span> 
     </span>
    </p>
   </div>
   <div class='ocr_carea' id='block_1_21' title="bbox 553 1594 2122 1659">
    <p class='ocr_par' dir='ltr' id='par_1_21' title="bbox 553 1594 2122 1659">
     <span class='ocr_line' id='line_1_21' title="bbox 553 1594 2122 1659; baseline 0.003 -17"><span class='ocrx_word' id='word_1_117' title='bbox 553 1596 801 1649; x_wconf 82' lang='lat' dir='ltr'><strong>videlicet</strong></span> <span class='ocrx_word' id='word_1_118' title='bbox 857 1595 1101 1648; x_wconf 84' lang='lat' dir='ltr'><strong>Nicolans</strong></span> <span class='ocrx_word' id='word_1_119' title='bbox 1134 1595 1401 1654; x_wconf 75' lang='lat' dir='ltr'><strong>l’rocerti,</strong></span> <span class='ocrx_word' id='word_1_120' title='bbox 1452 1594 1752 1648; x_wconf 72' lang='lat' dir='ltr'><strong>Jacobellus</strong></span> <span class='ocrx_word' id='word_1_121' title='bbox 1805 1595 1871 1647; x_wconf 90' lang='lat' dir='ltr'><strong>de</strong></span> <span class='ocrx_word' id='word_1_122' title='bbox 1921 1597 2122 1659; x_wconf 73' lang='lat' dir='ltr'><strong>liampo</strong></span> 
     </span>
    </p>
   </div>
   <div class='ocr_carea' id='block_1_22' title="bbox 556 1664 2114 1728">
    <p class='ocr_par' dir='ltr' id='par_1_22' title="bbox 556 1664 2114 1728">
     <span class='ocr_line' id='line_1_22' title="bbox 556 1664 2114 1728; baseline -0.001 -11"><span class='ocrx_word' id='word_1_123' title='bbox 556 1666 792 1727; x_wconf 78' lang='lat' dir='ltr'><strong>Florum.</strong></span> <span class='ocrx_word' id='word_1_124' title='bbox 820 1665 1073 1718; x_wconf 80' lang='lat' dir='ltr'><strong>Silvester</strong></span> <span class='ocrx_word' id='word_1_125' title='bbox 1098 1664 1451 1725; x_wconf 80' lang='lat' dir='ltr'><strong>lticciardelli.</strong></span> <span class='ocrx_word' id='word_1_126' title='bbox 1486 1673 1541 1717; x_wconf 89' lang='lat' dir='ltr'><strong>et</strong></span> <span class='ocrx_word' id='word_1_127' title='bbox 1570 1664 1767 1717; x_wconf 87' lang='lat' dir='ltr'><strong>Nucius</strong></span> <span class='ocrx_word' id='word_1_128' title='bbox 1794 1664 1863 1718; x_wconf 87' lang='lat' dir='ltr'><strong>de</strong></span> <span class='ocrx_word' id='word_1_129' title='bbox 1892 1664 2114 1728; x_wconf 87' lang='lat' dir='ltr'><strong>Tibure;</strong></span> 
     </span>
    </p>
   </div>
   <div class='ocr_carea' id='block_1_23' title="bbox 2222 487 3837 559">
    <p class='ocr_par' dir='ltr' id='par_1_23' title="bbox 2222 487 3837 559">
     <span class='ocr_line' id='line_1_23' title="bbox 2222 487 3837 559; baseline 0.002 -19"><span class='ocrx_word' id='word_1_130' title='bbox 2222 487 2461 559; x_wconf 79' lang='lat' dir='ltr'><strong>diaconi:</strong></span> <span class='ocrx_word' id='word_1_131' title='bbox 2487 488 2741 559; x_wconf 82' lang='lat' dir='ltr'><strong>videlicet</strong></span> <span class='ocrx_word' id='word_1_132' title='bbox 2758 488 2941 559; x_wconf 67' lang='lat' dir='ltr'><strong>Tutius</strong></span> <span class='ocrx_word' id='word_1_133' title='bbox 2956 488 3282 554; x_wconf 80' lang='lat' dir='ltr'><strong>Saltncnicii,</strong></span> <span class='ocrx_word' id='word_1_134' title='bbox 3314 490 3555 559; x_wconf 72' lang='lat' dir='ltr'><strong>Angelus</strong></span> <span class='ocrx_word' id='word_1_135' title='bbox 3584 489 3651 542; x_wconf 90' lang='lat' dir='ltr'><strong>de</strong></span> <span class='ocrx_word' id='word_1_136' title='bbox 3671 490 3799 541; x_wconf 81' lang='lat' dir='ltr'><strong>Gal-</strong></span> <span class='ocrx_word' id='word_1_137' title='bbox 3834 542 3837 543; x_wconf 30' lang='grc' dir='ltr'><em>ν</em></span> 
     </span>
    </p>
   </div>
   <div class='ocr_carea' id='block_1_24' title="bbox 2225 556 3837 622">
    <p class='ocr_par' dir='ltr' id='par_1_24' title="bbox 2225 556 3837 622">
     <span class='ocr_line' id='line_1_24' title="bbox 2225 556 3837 622; baseline 0.001 -15"><span class='ocrx_word' id='word_1_138' title='bbox 2225 556 2417 622; x_wconf 91' lang='lat' dir='ltr'><strong>licano,</strong></span> <span class='ocrx_word' id='word_1_139' title='bbox 2435 558 2695 612; x_wconf 77' lang='lat' dir='ltr'><strong>Antonius</strong></span> <span class='ocrx_word' id='word_1_140' title='bbox 2715 558 2783 611; x_wconf 91' lang='lat' dir='ltr'><strong>de</strong></span> <span class='ocrx_word' id='word_1_141' title='bbox 2796 557 3062 620; x_wconf 84' lang='lat' dir='ltr'><strong>Frascato,</strong></span> <span class='ocrx_word' id='word_1_142' title='bbox 3079 571 3133 613; x_wconf 89' lang='lat' dir='ltr'><strong>et</strong></span> <span class='ocrx_word' id='word_1_143' title='bbox 3151 556 3429 613; x_wconf 78' lang='lat' dir='ltr'><strong>Manardus</strong></span> <span class='ocrx_word' id='word_1_144' title='bbox 3448 560 3590 611; x_wconf 84' lang='lat' dir='ltr'><strong>filius</strong></span> <span class='ocrx_word' id='word_1_145' title='bbox 3607 562 3669 610; x_wconf 86' lang='grc' dir='ltr'><strong>υ.</strong></span> <span class='ocrx_word' id='word_1_146' title='bbox 3690 562 3798 609; x_wconf 78' lang='lat' dir='ltr'><strong>An-</strong></span> <span class='ocrx_word' id='word_1_147' title='bbox 3832 560 3837 561; x_wconf 59' lang='grc'><strong>“</strong></span> 
     </span>
    </p>
   </div>
   <div class='ocr_carea' id='block_1_25' title="bbox 2223 627 3799 694">
    <p class='ocr_par' dir='ltr' id='par_1_25' title="bbox 2223 627 3799 694">
     <span class='ocr_line' id='line_1_25' title="bbox 2223 627 3799 694; baseline 0.002 -16"><span class='ocrx_word' id='word_1_148' title='bbox 2223 627 2385 689; x_wconf 90' lang='lat' dir='ltr'><strong>tuini;</strong></span> <span class='ocrx_word' id='word_1_149' title='bbox 2435 627 2506 679; x_wconf 90' lang='lat' dir='ltr'><strong>ita</strong></span> <span class='ocrx_word' id='word_1_150' title='bbox 2548 627 2688 694; x_wconf 88' lang='lat' dir='ltr'><strong>quod</strong></span> <span class='ocrx_word' id='word_1_151' title='bbox 2730 628 2961 694; x_wconf 83' lang='lat' dir='ltr'><strong>ipsorum</strong></span> <span class='ocrx_word' id='word_1_152' title='bbox 2996 627 3339 682; x_wconf 78' lang='lat' dir='ltr'><strong>beneﬁciatus</strong></span> <span class='ocrx_word' id='word_1_153' title='bbox 3366 644 3431 681; x_wconf 78' lang='lat' dir='ltr'><strong>ex</strong></span> <span class='ocrx_word' id='word_1_154' title='bbox 3472 643 3619 681; x_wconf 89' lang='lat' dir='ltr'><strong>nunc</strong></span> <span class='ocrx_word' id='word_1_155' title='bbox 3646 637 3704 681; x_wconf 89' lang='lat' dir='ltr'><strong>et</strong></span> <span class='ocrx_word' id='word_1_156' title='bbox 3748 628 3799 682; x_wconf 85' lang='lat' dir='ltr'><strong>in</strong></span> 
     </span>
    </p>
   </div>
   <div class='ocr_carea' id='block_1_26' title="bbox 2223 697 3326 762">
    <p class='ocr_par' dir='ltr' id='par_1_26' title="bbox 2223 697 3326 762">
     <span class='ocr_line' id='line_1_26' title="bbox 2223 697 3326 762; baseline 0.002 -13"><span class='ocrx_word' id='word_1_157' title='bbox 2223 704 2533 762; x_wconf 84' lang='lat' dir='ltr'><strong>perpetuum</strong></span> <span class='ocrx_word' id='word_1_158' title='bbox 2565 697 2969 750; x_wconf 87' lang='lat' dir='ltr'><strong>subdiaconales</strong></span> <span class='ocrx_word' id='word_1_159' title='bbox 2990 707 3326 751; x_wconf 77' lang='lat' dir='ltr'><strong>censeantur.</strong></span> 
     </span>
    </p>
   </div>
   <div class='ocr_carea' id='block_1_27' title="bbox 2290 763 3802 833">
    <p class='ocr_par' dir='ltr' id='par_1_27' title="bbox 2290 763 3802 833">
     <span class='ocr_line' id='line_1_27' title="bbox 2290 763 3802 833; baseline 0.002 -18"><span class='ocrx_word' id='word_1_160' title='bbox 2290 763 2382 819; x_wconf 76' lang='grc'><strong>25.</strong></span> <span class='ocrx_word' id='word_1_161' title='bbox 2422 765 2498 817; x_wconf 86' lang='lat' dir='ltr'><strong>Ne</strong></span> <span class='ocrx_word' id='word_1_162' title='bbox 2526 765 2684 833; x_wconf 78' lang='lat' dir='ltr'><strong>igitur</strong></span> <span class='ocrx_word' id='word_1_163' title='bbox 2715 766 3084 819; x_wconf 87' lang='lat' dir='ltr'><strong>Lateraneusis</strong></span> <span class='ocrx_word' id='word_1_164' title='bbox 3114 766 3347 820; x_wconf 69' lang='lat' dir='ltr'><strong>Ecclesia</strong></span> <span class='ocrx_word' id='word_1_165' title='bbox 3378 768 3431 822; x_wconf 89' lang='lat' dir='ltr'><strong>in</strong></span> <span class='ocrx_word' id='word_1_166' title='bbox 3454 766 3660 820; x_wconf 82' lang='lat' dir='ltr'><strong>divinis</strong></span> <span class='ocrx_word' id='word_1_167' title='bbox 3683 766 3802 818; x_wconf 74' lang='lat' dir='ltr'><strong>offi—</strong></span> 
     </span>
    </p>
   </div>
   <div class='ocr_carea' id='block_1_28' title="bbox 2224 834 3801 901">
    <p class='ocr_par' dir='ltr' id='par_1_28' title="bbox 2224 834 3801 901">
     <span class='ocr_line' id='line_1_28' title="bbox 2224 834 3801 901; baseline 0.003 -18"><span class='ocrx_word' id='word_1_168' title='bbox 2224 834 2320 885; x_wconf 75' lang='lat' dir='ltr'><strong>niis</strong></span> <span class='ocrx_word' id='word_1_169' title='bbox 2350 834 2615 888; x_wconf 59' lang='lat' dir='ltr'><strong>defectum</strong></span> <span class='ocrx_word' id='word_1_170' title='bbox 2638 834 2867 901; x_wconf 81' lang='lat' dir='ltr'><strong>aliquem</strong></span> <span class='ocrx_word' id='word_1_171' title='bbox 2898 835 2964 888; x_wconf 91' lang='lat' dir='ltr'><strong>de</strong></span> <span class='ocrx_word' id='word_1_172' title='bbox 2992 842 3186 888; x_wconf 68' lang='lat' dir='ltr'><strong>caetero</strong></span> <span class='ocrx_word' id='word_1_173' title='bbox 3234 837 3486 901; x_wconf 87' lang='lat' dir='ltr'><strong>patiatur,</strong></span> <span class='ocrx_word' id='word_1_174' title='bbox 3516 838 3623 887; x_wconf 86' lang='lat' dir='ltr'><strong>hoc</strong></span> <span class='ocrx_word' id='word_1_175' title='bbox 3667 849 3801 888; x_wconf 83' lang='lat' dir='ltr'><strong>con-</strong></span> 
     </span>
    </p>
   </div>
   <div class='ocr_carea' id='block_1_29' title="bbox 2222 903 3804 972">
    <p class='ocr_par' dir='ltr' id='par_1_29' title="bbox 2222 903 3804 972">
     <span class='ocr_line' id='line_1_29' title="bbox 2222 903 3804 972; baseline 0.001 -16"><span class='ocrx_word' id='word_1_176' title='bbox 2222 903 2407 957; x_wconf 87' lang='lat' dir='ltr'><strong>stituto</strong></span> <span class='ocrx_word' id='word_1_177' title='bbox 2431 903 2681 972; x_wconf 89' lang='lat' dir='ltr'><strong>iubemus</strong></span> <span class='ocrx_word' id='word_1_178' title='bbox 2708 906 2846 972; x_wconf 89' lang='lat' dir='ltr'><strong>quod</strong></span> <span class='ocrx_word' id='word_1_179' title='bbox 2872 918 3058 957; x_wconf 88' lang='lat' dir='ltr'><strong>omnes</strong></span> <span class='ocrx_word' id='word_1_180' title='bbox 3083 916 3137 956; x_wconf 89' lang='lat' dir='ltr'><strong>et</strong></span> <span class='ocrx_word' id='word_1_181' title='bbox 3166 904 3356 971; x_wconf 79' lang='lat' dir='ltr'><strong>singuli</strong></span> <span class='ocrx_word' id='word_1_182' title='bbox 3384 904 3690 960; x_wconf 83' lang='lat' dir='ltr'><strong>beneficiati</strong></span> <span class='ocrx_word' id='word_1_183' title='bbox 3716 920 3804 957; x_wconf 78' lang='lat' dir='ltr'><strong>su-</strong></span> 
     </span>
    </p>
   </div>
   <div class='ocr_carea' id='block_1_30' title="bbox 2226 973 3799 1042">
    <p class='ocr_par' dir='ltr' id='par_1_30' title="bbox 2226 973 3799 1042">
     <span class='ocr_line' id='line_1_30' title="bbox 2226 973 3799 1042; baseline 0.004 -22"><span class='ocrx_word' id='word_1_184' title='bbox 2226 974 2403 1034; x_wconf 84' lang='lat' dir='ltr'><strong>perius</strong></span> <span class='ocrx_word' id='word_1_185' title='bbox 2433 973 2714 1037; x_wconf 85' lang='lat' dir='ltr'><strong>nominati,</strong></span> <span class='ocrx_word' id='word_1_186' title='bbox 2738 973 2828 1039; x_wconf 90' lang='lat' dir='ltr'><strong>qui</strong></span> <span class='ocrx_word' id='word_1_187' title='bbox 2860 973 3092 1038; x_wconf 89' lang='lat' dir='ltr'><strong>ipsorum</strong></span> <span class='ocrx_word' id='word_1_188' title='bbox 3125 973 3561 1028; x_wconf 71' lang='lat' dir='ltr'><strong>benefit-ratorum</strong></span> <span class='ocrx_word' id='word_1_189' title='bbox 3592 988 3799 1042; x_wconf 65' lang='lat' dir='ltr'><strong>posses-</strong></span> 
     </span>
    </p>
   </div>
   <div class='ocr_carea' id='block_1_31' title="bbox 2223 1042 3805 1110">
    <p class='ocr_par' dir='ltr' id='par_1_31' title="bbox 2223 1042 3805 1110">
     <span class='ocr_line' id='line_1_31' title="bbox 2223 1042 3805 1110; baseline 0.003 -18"><span class='ocrx_word' id='word_1_190' title='bbox 2223 1042 2429 1095; x_wconf 76' lang='lat' dir='ltr'><strong>sionem</strong></span> <span class='ocrx_word' id='word_1_191' title='bbox 2457 1043 2699 1095; x_wconf 91' lang='lat' dir='ltr'><strong>obtinent</strong></span> <span class='ocrx_word' id='word_1_192' title='bbox 2724 1043 2793 1096; x_wconf 88' lang='lat' dir='ltr'><strong>de</strong></span> <span class='ocrx_word' id='word_1_193' title='bbox 2819 1043 3087 1109; x_wconf 70' lang='lat' dir='ltr'><strong>prmeuti,</strong></span> <span class='ocrx_word' id='word_1_194' title='bbox 3118 1042 3251 1095; x_wconf 86' lang='lat' dir='ltr'><strong>infra</strong></span> <span class='ocrx_word' id='word_1_195' title='bbox 3280 1057 3480 1096; x_wconf 89' lang='lat' dir='ltr'><strong>annum</strong></span> <span class='ocrx_word' id='word_1_196' title='bbox 3509 1058 3537 1095; x_wconf 90' lang='lat' dir='ltr'><strong>a</strong></span> <span class='ocrx_word' id='word_1_197' title='bbox 3566 1054 3805 1110; x_wconf 74' lang='lat' dir='ltr'><strong>tempore</strong></span> 
     </span>
    </p>
   </div>
   <div class='ocr_carea' id='block_1_32' title="bbox 2224 1110 3791 1179">
    <p class='ocr_par' dir='ltr' id='par_1_32' title="bbox 2224 1110 3791 1179">
     <span class='ocr_line' id='line_1_32' title="bbox 2224 1110 3791 1179; baseline 0.003 -20"><span class='ocrx_word' id='word_1_198' title='bbox 2224 1111 2589 1179; x_wconf 87' lang='lat' dir='ltr'><strong>publicationis</strong></span> <span class='ocrx_word' id='word_1_199' title='bbox 2639 1110 2940 1179; x_wconf 90' lang='lat' dir='ltr'><strong>huiusmodi</strong></span> <span class='ocrx_word' id='word_1_200' title='bbox 2979 1120 3294 1171; x_wconf 78' lang='lat' dir='ltr'><strong>statutorum</strong></span> <span class='ocrx_word' id='word_1_201' title='bbox 3334 1112 3791 1179; x_wconf 87' lang='lat' dir='ltr'><strong>computandum;</strong></span> 
     </span>
    </p>
   </div>
   <div class='ocr_carea' id='block_1_33' title="bbox 2224 1178 3797 1249">
    <p class='ocr_par' dir='ltr' id='par_1_33' title="bbox 2224 1178 3797 1249">
     <span class='ocr_line' id='line_1_33' title="bbox 2224 1178 3797 1249; baseline -0.002 -14"><span class='ocrx_word' id='word_1_202' title='bbox 2224 1179 2388 1249; x_wconf 65' lang='grc'><strong>584</strong></span> <span class='ocrx_word' id='word_1_203' title='bbox 2415 1178 2634 1247; x_wconf 88' lang='lat' dir='ltr'><strong>quilibet</strong></span> <span class='ocrx_word' id='word_1_204' title='bbox 2656 1178 2783 1234; x_wconf 84' lang='lat' dir='ltr'><strong>vero</strong></span> <span class='ocrx_word' id='word_1_205' title='bbox 2813 1180 2995 1234; x_wconf 88' lang='lat' dir='ltr'><strong>ad.....</strong></span> <span class='ocrx_word' id='word_1_206' title='bbox 3024 1180 3255 1248; x_wconf 83' lang='lat' dir='ltr'><strong>alioquin</strong></span> <span class='ocrx_word' id='word_1_207' title='bbox 3286 1180 3355 1234; x_wconf 88' lang='lat' dir='ltr'><strong>de</strong></span> <span class='ocrx_word' id='word_1_208' title='bbox 3388 1178 3551 1234; x_wconf 77' lang='lat' dir='ltr'><strong>dietis</strong></span> <span class='ocrx_word' id='word_1_209' title='bbox 3591 1181 3797 1235; x_wconf 81' lang='lat' dir='ltr'><strong>benefi-</strong></span> 
     </span>
    </p>
   </div>
   <div class='ocr_carea' id='block_1_34' title="bbox 2224 1249 3800 1318">
    <p class='ocr_par' dir='ltr' id='par_1_34' title="bbox 2224 1249 3800 1318">
     <span class='ocr_line' id='line_1_34' title="bbox 2224 1249 3800 1318; baseline 0.001 -16"><span class='ocrx_word' id='word_1_210' title='bbox 2224 1251 2450 1304; x_wconf 89' lang='lat' dir='ltr'><strong>ciatibus</strong></span> <span class='ocrx_word' id='word_1_211' title='bbox 2473 1249 2579 1303; x_wconf 88' lang='lat' dir='ltr'><strong>sint</strong></span> <span class='ocrx_word' id='word_1_212' title='bbox 2607 1251 2825 1317; x_wconf 84' lang='lat' dir='ltr'><strong>privati;</strong></span> <span class='ocrx_word' id='word_1_213' title='bbox 2858 1260 2909 1303; x_wconf 93' lang='lat' dir='ltr'><strong>et</strong></span> <span class='ocrx_word' id='word_1_214' title='bbox 2939 1250 2982 1303; x_wconf 88' lang='lat' dir='ltr'><strong>si</strong></span> <span class='ocrx_word' id='word_1_215' title='bbox 3032 1260 3209 1313; x_wconf 63' lang='lat' dir='ltr'><strong>pestea</strong></span> <span class='ocrx_word' id='word_1_216' title='bbox 3248 1251 3324 1304; x_wconf 90' lang='lat' dir='ltr'><strong>sic</strong></span> <span class='ocrx_word' id='word_1_217' title='bbox 3356 1251 3550 1318; x_wconf 80' lang='lat' dir='ltr'><strong>privati</strong></span> <span class='ocrx_word' id='word_1_218' title='bbox 3602 1250 3800 1304; x_wconf 85' lang='lat' dir='ltr'><strong>fructus</strong></span> 
     </span>
    </p>
   </div>
   <div class='ocr_carea' id='block_1_35' title="bbox 2222 1319 3798 1389">
    <p class='ocr_par' dir='ltr' id='par_1_35' title="bbox 2222 1319 3798 1389">
     <span class='ocr_line' id='line_1_35' title="bbox 2222 1319 3798 1389; baseline 0 -18"><span class='ocrx_word' id='word_1_219' title='bbox 2222 1320 2456 1389; x_wconf 85' lang='lat' dir='ltr'><strong>alioquin</strong></span> <span class='ocrx_word' id='word_1_220' title='bbox 2487 1320 2805 1385; x_wconf 73' lang='lat' dir='ltr'><strong>receperint,</strong></span> <span class='ocrx_word' id='word_1_221' title='bbox 2829 1334 2894 1373; x_wconf 89' lang='lat' dir='ltr'><strong>eo</strong></span> <span class='ocrx_word' id='word_1_222' title='bbox 2925 1319 3040 1386; x_wconf 91' lang='lat' dir='ltr'><strong>ipso</strong></span> <span class='ocrx_word' id='word_1_223' title='bbox 3066 1320 3383 1389; x_wconf 85' lang='lat' dir='ltr'><strong>sententiam</strong></span> <span class='ocrx_word' id='word_1_224' title='bbox 3427 1321 3798 1372; x_wconf 60' lang='lat' dir='ltr'><strong>excommulio</strong></span> 
     </span>
    </p>
   </div>
   <div class='ocr_carea' id='block_1_36' title="bbox 2223 1387 3796 1454">
    <p class='ocr_par' dir='ltr' id='par_1_36' title="bbox 2223 1387 3796 1454">
     <span class='ocr_line' id='line_1_36' title="bbox 2223 1387 3796 1454; baseline -0.001 -11"><span class='ocrx_word' id='word_1_225' title='bbox 2223 1387 2448 1444; x_wconf 84' lang='lat' dir='ltr'><strong>cationis</strong></span> <span class='ocrx_word' id='word_1_226' title='bbox 2479 1388 2772 1454; x_wconf 86' lang='lat' dir='ltr'><strong>incurrant,</strong></span> <span class='ocrx_word' id='word_1_227' title='bbox 2801 1398 2854 1442; x_wconf 93' lang='lat' dir='ltr'><strong>et</strong></span> <span class='ocrx_word' id='word_1_228' title='bbox 2883 1389 2949 1441; x_wconf 90' lang='lat' dir='ltr'><strong>ab</strong></span> <span class='ocrx_word' id='word_1_229' title='bbox 2979 1389 3123 1442; x_wconf 91' lang='lat' dir='ltr'><strong>omni</strong></span> <span class='ocrx_word' id='word_1_230' title='bbox 3154 1387 3597 1443; x_wconf 86' lang='lat' dir='ltr'><strong>beneficiatorum</strong></span> <span class='ocrx_word' id='word_1_231' title='bbox 3624 1398 3679 1441; x_wconf 85' lang='lat' dir='ltr'><strong>et</strong></span> <span class='ocrx_word' id='word_1_232' title='bbox 3705 1404 3796 1442; x_wconf 56' lang='lat' dir='ltr'><strong>ca-</strong></span> 
     </span>
    </p>
   </div>
   <div class='ocr_carea' id='block_1_37' title="bbox 2222 1458 3801 1527">
    <p class='ocr_par' dir='ltr' id='par_1_37' title="bbox 2222 1458 3801 1527">
     <span class='ocr_line' id='line_1_37' title="bbox 2222 1458 3801 1527; baseline -0.001 -16"><span class='ocrx_word' id='word_1_233' title='bbox 2222 1460 2534 1513; x_wconf 92' lang='lat' dir='ltr'><strong>nonicorum</strong></span> <span class='ocrx_word' id='word_1_234' title='bbox 2556 1460 2828 1512; x_wconf 91' lang='lat' dir='ltr'><strong>consortio</strong></span> <span class='ocrx_word' id='word_1_235' title='bbox 2855 1458 3209 1523; x_wconf 76' lang='lat' dir='ltr'><strong>repellantur;</strong></span> <span class='ocrx_word' id='word_1_236' title='bbox 3235 1473 3412 1527; x_wconf 84' lang='lat' dir='ltr'><strong>neque</strong></span> <span class='ocrx_word' id='word_1_237' title='bbox 3457 1458 3540 1511; x_wconf 82' lang='lat' dir='ltr'><strong>eis</strong></span> <span class='ocrx_word' id='word_1_238' title='bbox 3578 1474 3665 1525; x_wconf 86' lang='lat' dir='ltr'><strong>per</strong></span> <span class='ocrx_word' id='word_1_239' title='bbox 3702 1472 3801 1527; x_wconf 44' lang='lat' dir='ltr'><strong>cae</strong></span> 
     </span>
    </p>
   </div>
   <div class='ocr_carea' id='block_1_38' title="bbox 2223 1526 3797 1595">
    <p class='ocr_par' dir='ltr' id='par_1_38' title="bbox 2223 1526 3797 1595">
     <span class='ocr_line' id='line_1_38' title="bbox 2223 1526 3797 1595; baseline -0.002 -15"><span class='ocrx_word' id='word_1_240' title='bbox 2223 1529 2483 1581; x_wconf 86' lang='lat' dir='ltr'><strong>merarios</strong></span> <span class='ocrx_word' id='word_1_241' title='bbox 2513 1527 2708 1594; x_wconf 91' lang='lat' dir='ltr'><strong>aliquid</strong></span> <span class='ocrx_word' id='word_1_242' title='bbox 2743 1527 3104 1590; x_wconf 86' lang='lat' dir='ltr'><strong>ministretur;</strong></span> <span class='ocrx_word' id='word_1_243' title='bbox 3145 1536 3199 1581; x_wconf 91' lang='lat' dir='ltr'><strong>et</strong></span> <span class='ocrx_word' id='word_1_244' title='bbox 3240 1530 3285 1579; x_wconf 90' lang='lat' dir='ltr'><strong>si</strong></span> <span class='ocrx_word' id='word_1_245' title='bbox 3326 1526 3571 1581; x_wconf 14' lang='lat' dir='ltr'><strong>iscienter</strong></span> <span class='ocrx_word' id='word_1_246' title='bbox 3607 1526 3797 1595; x_wconf 79' lang='lat' dir='ltr'><strong>aliquid</strong></span> 
     </span>
    </p>
   </div>
   <div class='ocr_carea' id='block_1_39' title="bbox 2227 1596 3796 1663">
    <p class='ocr_par' dir='ltr' id='par_1_39' title="bbox 2227 1596 3796 1663">
     <span class='ocr_line' id='line_1_39' title="bbox 2227 1596 3796 1663; baseline -0.003 -14"><span class='ocrx_word' id='word_1_247' title='bbox 2227 1597 2663 1662; x_wconf 87' lang='lat' dir='ltr'><strong>ministraveriut,</strong></span> <span class='ocrx_word' id='word_1_248' title='bbox 2679 1598 3039 1651; x_wconf 87' lang='lat' dir='ltr'><strong>ministrantes</strong></span> <span class='ocrx_word' id='word_1_249' title='bbox 3060 1597 3156 1663; x_wconf 90' lang='lat' dir='ltr'><strong>ipsi</strong></span> <span class='ocrx_word' id='word_1_250' title='bbox 3177 1596 3513 1650; x_wconf 76' lang='lat' dir='ltr'><strong>tantumdem</strong></span> <span class='ocrx_word' id='word_1_251' title='bbox 3532 1600 3599 1649; x_wconf 90' lang='lat' dir='ltr'><strong>de</strong></span> <span class='ocrx_word' id='word_1_252' title='bbox 3616 1610 3796 1650; x_wconf 81' lang='lat' dir='ltr'><strong>eorum</strong></span> 
     </span>
    </p>
   </div>
   <div class='ocr_carea' id='block_1_40' title="bbox 2226 1668 3802 1736">
    <p class='ocr_par' dir='ltr' id='par_1_40' title="bbox 2226 1668 3802 1736">
     <span class='ocr_line' id='line_1_40' title="bbox 2226 1668 3802 1736; baseline -0.001 -17"><span class='ocrx_word' id='word_1_253' title='bbox 2226 1669 2447 1733; x_wconf 91' lang='lat' dir='ltr'><strong>proprio</strong></span> <span class='ocrx_word' id='word_1_254' title='bbox 2470 1680 2697 1721; x_wconf 63' lang='lat' dir='ltr'><strong>camerae</strong></span> <span class='ocrx_word' id='word_1_255' title='bbox 2728 1669 3008 1722; x_wconf 77' lang='lat' dir='ltr'><strong>restituere</strong></span> <span class='ocrx_word' id='word_1_256' title='bbox 3030 1675 3330 1731; x_wconf 78' lang='lat' dir='ltr'><strong>teneantur,</strong></span> <span class='ocrx_word' id='word_1_257' title='bbox 3358 1668 3461 1721; x_wconf 86' lang='lat' dir='ltr'><strong>sub</strong></span> <span class='ocrx_word' id='word_1_258' title='bbox 3492 1680 3649 1736; x_wconf 66' lang='lat' dir='ltr'><strong>pretia</strong></span> <span class='ocrx_word' id='word_1_259' title='bbox 3672 1681 3802 1734; x_wconf 76' lang='lat' dir='ltr'><strong>pra:-</strong></span> 
     </span>
    </p>
   </div>
   <div class='ocr_carea' id='block_1_41' title="bbox 552 1734 2661 1837">
    <p class='ocr_par' dir='ltr' id='par_1_41' title="bbox 552 1734 2661 1837">
     <span class='ocr_line' id='line_1_41' title="bbox 552 1734 2661 1837; baseline 0 -49"><span class='ocrx_word' id='word_1_260' title='bbox 552 1744 621 1788; x_wconf 82' lang='lat' dir='ltr'><strong>tta</strong></span> <span class='ocrx_word' id='word_1_261' title='bbox 668 1735 807 1803; x_wconf 84' lang='lat' dir='ltr'><strong>quod</strong></span> <span class='ocrx_word' id='word_1_262' title='bbox 866 1734 1101 1803; x_wconf 87' lang='lat' dir='ltr'><strong>ipsorum</strong></span> <span class='ocrx_word' id='word_1_263' title='bbox 1148 1734 1491 1786; x_wconf 86' lang='lat' dir='ltr'><strong>beneficiatus</strong></span> <span class='ocrx_word' id='word_1_264' title='bbox 1541 1744 1794 1800; x_wconf 89' lang='lat' dir='ltr'><strong>perpetuo</strong></span> <span class='ocrx_word' id='word_1_265' title='bbox 1848 1735 1954 1787; x_wconf 93' lang='lat' dir='ltr'><strong>siut</strong></span> <span class='ocrx_word' id='word_1_266' title='bbox 2001 1734 2118 1788; x_wconf 90' lang='lat' dir='ltr'><strong>dia—</strong></span> <span class='ocrx_word' id='word_1_267' title='bbox 2152 1736 2661 1837; x_wconf 82' lang='lat' dir='ltr'><strong>Bstittiuramenti.</strong></span> 
     </span>
    </p>
   </div>
   <div class='ocr_carea' id='block_1_42' title="bbox 552 1924 3747 1949">
    <p class='ocr_par' dir='ltr' id='par_1_42' title="bbox 552 1924 3747 1949">
     <span class='ocr_line' id='line_1_42' title="bbox 552 1924 3747 1949; baseline -0.003 -1"><span class='ocrx_word' id='word_1_268' title='bbox 552 1924 3747 1949; x_wconf 52' lang='lat' dir='ltr'><strong>mw</strong></span> 
     </span>
    </p>
   </div>
   <div class='ocr_carea' id='block_1_43' title="bbox 2064 2053 2299 2158">
    <p class='ocr_par' dir='ltr' id='par_1_43' title="bbox 2064 2053 2299 2158">
     <span class='ocr_line' id='line_1_43' title="bbox 2064 2053 2299 2158; baseline 0.013 -4"><span class='ocrx_word' id='word_1_269' title='bbox 2064 2053 2299 2158; x_wconf 83' lang='lat' dir='ltr'><strong>IV.</strong></span> 
     </span>
    </p>
   </div>
   <div class='ocr_carea' id='block_1_44' title="bbox 766 2249 3619 2327">
    <p class='ocr_par' dir='ltr' id='par_1_44' title="bbox 766 2249 3619 2327">
     <span class='ocr_line' id='line_1_44' title="bbox 766 2249 3619 2327; baseline 0.001 -14"><span class='ocrx_word' id='word_1_270' title='bbox 766 2251 1188 2313; x_wconf 82' lang='lat' dir='ltr'><strong>AUGUSTINI</strong></span> <span class='ocrx_word' id='word_1_271' title='bbox 1237 2250 1582 2311; x_wconf 82' lang='lat' dir='ltr'><strong>PATRICII</strong></span> <span class='ocrx_word' id='word_1_272' title='bbox 1628 2249 2168 2319; x_wconf 80' lang='lat' dir='ltr'><strong>PICOLOMINEI,</strong></span> <span class='ocrx_word' id='word_1_273' title='bbox 2212 2249 2567 2311; x_wconf 83' lang='lat' dir='ltr'><strong>EPISCOPI</strong></span> <span class='ocrx_word' id='word_1_274' title='bbox 2608 2251 2982 2327; x_wconf 84' lang='lat' dir='ltr'><strong>PIENTINI,</strong></span> <span class='ocrx_word' id='word_1_275' title='bbox 3028 2252 3416 2314; x_wconf 82' lang='lat' dir='ltr'><strong>EPISTOLA</strong></span> <span class='ocrx_word' id='word_1_276' title='bbox 3452 2262 3480 2290; x_wconf 81' lang='grc'><strong>⁸</strong></span> <span class='ocrx_word' id='word_1_277' title='bbox 3513 2256 3619 2315; x_wconf 85' lang='lat' dir='ltr'><strong>AD</strong></span> 
     </span>
    </p>
   </div>
   <div class='ocr_carea' id='block_1_45' title="bbox 1804 2348 2563 2443">
    <p class='ocr_par' dir='ltr' id='par_1_45' title="bbox 1804 2348 2563 2443">
     <span class='ocr_line' id='line_1_45' title="bbox 1804 2348 2563 2443; baseline 0.003 -32"><span class='ocrx_word' id='word_1_278' title='bbox 1804 2348 2355 2443; x_wconf 81' lang='lat' dir='ltr'><strong>INNOCENTIUM</strong></span> <span class='ocrx_word' id='word_1_279' title='bbox 2398 2350 2563 2413; x_wconf 90' lang='lat' dir='ltr'><strong>vm.</strong></span> 
     </span>
    </p>
   </div>
   <div class='ocr_carea' id='block_1_46' title="bbox 557 2495 2137 2565">
    <p class='ocr_par' dir='ltr' id='par_1_46' title="bbox 557 2495 2137 2565">
     <span class='ocr_line' id='line_1_46' title="bbox 557 2495 2137 2565; baseline -0.008 -5"><span class='ocrx_word' id='word_1_280' title='bbox 557 2506 621 2560; x_wconf 85' lang='lat' dir='ltr'><strong>In</strong></span> <span class='ocrx_word' id='word_1_281' title='bbox 666 2504 850 2559; x_wconf 87' lang='lat' dir='ltr'><strong>librum</strong></span> <span class='ocrx_word' id='word_1_282' title='bbox 891 2514 1155 2553; x_wconf 83' lang='lat' dir='ltr'><strong>sacrarum</strong></span> <span class='ocrx_word' id='word_1_283' title='bbox 1195 2497 1658 2560; x_wconf 73' lang='lat' dir='ltr'><strong>Cteremouiarum,</strong></span> <span class='ocrx_word' id='word_1_284' title='bbox 1690 2497 1868 2565; x_wconf 80' lang='lat' dir='ltr'><strong>quibus</strong></span> <span class='ocrx_word' id='word_1_285' title='bbox 1921 2495 2137 2549; x_wconf 82' lang='lat' dir='ltr'><strong>Romani</strong></span> 
     </span>
    </p>
   </div>
   <div class='ocr_carea' id='block_1_47' title="bbox 958 2569 1749 2639">
    <p class='ocr_par' dir='ltr' id='par_1_47' title="bbox 958 2569 1749 2639">
     <span class='ocr_line' id='line_1_47' title="bbox 958 2569 1749 2639; baseline -0.003 -18"><span class='ocrx_word' id='word_1_286' title='bbox 958 2569 1223 2639; x_wconf 78' lang='lat' dir='ltr'><strong>pontiﬁces</strong></span> <span class='ocrx_word' id='word_1_287' title='bbox 1257 2570 1330 2620; x_wconf 83' lang='lat' dir='ltr'><strong>uti</strong></span> <span class='ocrx_word' id='word_1_288' title='bbox 1369 2578 1749 2621; x_wconf 77' lang='lat' dir='ltr'><strong>consueverunt.</strong></span> 
     </span>
    </p>
   </div>
   <div class='ocr_carea' id='block_1_48' title="bbox 630 2676 2130 2742">
    <p class='ocr_par' dir='ltr' id='par_1_48' title="bbox 630 2676 2130 2742">
     <span class='ocr_line' id='line_1_48' title="bbox 630 2676 2130 2742; baseline -0.006 -3"><span class='ocrx_word' id='word_1_289' title='bbox 630 2680 981 2740; x_wconf 83' lang='lat' dir='ltr'><strong>Sanctissimo</strong></span> <span class='ocrx_word' id='word_1_290' title='bbox 1046 2678 1266 2733; x_wconf 90' lang='lat' dir='ltr'><strong>domino</strong></span> <span class='ocrx_word' id='word_1_291' title='bbox 1325 2687 1510 2733; x_wconf 88' lang='lat' dir='ltr'><strong>nostro</strong></span> <span class='ocrx_word' id='word_1_292' title='bbox 1561 2676 1870 2731; x_wconf 82' lang='lat' dir='ltr'><strong>Innocentio</strong></span> <span class='ocrx_word' id='word_1_293' title='bbox 1920 2686 2130 2742; x_wconf 82' lang='lat' dir='ltr'><strong>octavo,</strong></span> 
     </span>
    </p>
   </div>
   <div class='ocr_carea' id='block_1_49' title="bbox 560 2748 2135 2816">
    <p class='ocr_par' dir='ltr' id='par_1_49' title="bbox 560 2748 2135 2816">
     <span class='ocr_line' id='line_1_49' title="bbox 560 2748 2135 2816; baseline -0.004 -9"><span class='ocrx_word' id='word_1_294' title='bbox 560 2752 875 2809; x_wconf 71' lang='lat' dir='ltr'><strong>universalis</strong></span> <span class='ocrx_word' id='word_1_295' title='bbox 937 2750 1194 2803; x_wconf 68' lang='lat' dir='ltr'><strong>Ecclesia:</strong></span> <span class='ocrx_word' id='word_1_296' title='bbox 1241 2764 1450 2802; x_wconf 89' lang='lat' dir='ltr'><strong>summo</strong></span> <span class='ocrx_word' id='word_1_297' title='bbox 1504 2748 1761 2816; x_wconf 88' lang='lat' dir='ltr'><strong>pontifici,</strong></span> <span class='ocrx_word' id='word_1_298' title='bbox 1809 2748 2135 2816; x_wconf 82' lang='lat' dir='ltr'><strong>Augustinus</strong></span> 
     </span>
    </p>
   </div>
   <div class='ocr_carea' id='block_1_50' title="bbox 560 2816 2137 2885">
    <p class='ocr_par' dir='ltr' id='par_1_50' title="bbox 560 2816 2137 2885">
     <span class='ocr_line' id='line_1_50' title="bbox 560 2816 2137 2885; baseline -0.007 -4"><span class='ocrx_word' id='word_1_299' title='bbox 560 2823 820 2881; x_wconf 86' lang='lat' dir='ltr'><strong>Patricius</strong></span> <span class='ocrx_word' id='word_1_300' title='bbox 874 2819 1296 2878; x_wconf 85' lang='lat' dir='ltr'><strong>Picolomiueus.</strong></span> <span class='ocrx_word' id='word_1_301' title='bbox 1346 2817 1592 2885; x_wconf 81' lang='lat' dir='ltr'><strong>indignus</strong></span> <span class='ocrx_word' id='word_1_302' title='bbox 1644 2816 1922 2885; x_wconf 85' lang='lat' dir='ltr'><strong>episcopus</strong></span> <span class='ocrx_word' id='word_1_303' title='bbox 1972 2816 2137 2871; x_wconf 88' lang='lat' dir='ltr'><strong>Pien-</strong></span> 
     </span>
    </p>
   </div>
   <div class='ocr_carea' id='block_1_51' title="bbox 559 2886 2136 2956">
    <p class='ocr_par' dir='ltr' id='par_1_51' title="bbox 559 2886 2136 2956">
     <span class='ocr_line' id='line_1_51' title="bbox 559 2886 2136 2956; baseline -0.006 -5"><span class='ocrx_word' id='word_1_304' title='bbox 559 2897 747 2956; x_wconf 88' lang='lat' dir='ltr'><strong>tinus,</strong></span> <span class='ocrx_word' id='word_1_305' title='bbox 805 2891 1127 2945; x_wconf 81' lang='lat' dir='ltr'><strong>felicitatem.</strong></span> <span class='ocrx_word' id='word_1_306' title='bbox 1180 2886 1436 2942; x_wconf 88' lang='lat' dir='ltr'><strong>Absoluta</strong></span> <span class='ocrx_word' id='word_1_307' title='bbox 1499 2902 1669 2955; x_wconf 90' lang='lat' dir='ltr'><strong>nuper</strong></span> <span class='ocrx_word' id='word_1_308' title='bbox 1723 2888 1853 2941; x_wconf 83' lang='lat' dir='ltr'><strong>satis</strong></span> <span class='ocrx_word' id='word_1_309' title='bbox 1913 2886 2136 2941; x_wconf 88' lang='lat' dir='ltr'><strong>feliciter</strong></span> 
     </span>
    </p>
   </div>
   <div class='ocr_carea' id='block_1_52' title="bbox 557 2956 2137 3021">
    <p class='ocr_par' dir='ltr' id='par_1_52' title="bbox 557 2956 2137 3021">
     <span class='ocr_line' id='line_1_52' title="bbox 557 2956 2137 3021; baseline -0.008 0"><span class='ocrx_word' id='word_1_310' title='bbox 557 2967 738 3021; x_wconf 85' lang='lat' dir='ltr'><strong>divino</strong></span> <span class='ocrx_word' id='word_1_311' title='bbox 782 2974 1001 3014; x_wconf 92' lang='lat' dir='ltr'><strong>munere</strong></span> <span class='ocrx_word' id='word_1_312' title='bbox 1038 2957 1410 3013; x_wconf 86' lang='lat' dir='ltr'><strong>emendatione</strong></span> <span class='ocrx_word' id='word_1_313' title='bbox 1457 2957 1579 3011; x_wconf 88' lang='lat' dir='ltr'><strong>libri</strong></span> <span class='ocrx_word' id='word_1_314' title='bbox 1631 2956 1986 3019; x_wconf 85' lang='lat' dir='ltr'><strong>Pontificalis,</strong></span> <span class='ocrx_word' id='word_1_315' title='bbox 2033 2971 2137 3011; x_wconf 75' lang='lat' dir='ltr'><strong>et-</strong></span> 
     </span>
    </p>
   </div>
   <div class='ocr_carea' id='block_1_53' title="bbox 561 3027 2135 3106">
    <p class='ocr_par' dir='ltr' id='par_1_53' title="bbox 561 3027 2135 3106">
     <span class='ocr_line' id='line_1_53' title="bbox 561 3027 2135 3106; baseline -0.004 -20"><span class='ocrx_word' id='word_1_316' title='bbox 561 3034 935 3106; x_wconf 82' lang='lat' dir='ltr'><strong>plicationem__</strong></span> <span class='ocrx_word' id='word_1_317' title='bbox 972 3027 1468 3106; x_wconf 70' lang='lat' dir='ltr'><strong>ordinationemque</strong></span> <span class='ocrx_word' id='word_1_318' title='bbox 1497 3041 1813 3106; x_wconf 50' lang='lat' dir='ltr'><strong>“sacrarum</strong></span> <span class='ocrx_word' id='word_1_319' title='bbox 1874 3041 2135 3081; x_wconf 66' lang='lat' dir='ltr'><strong>caeremo-</strong></span> 
     </span>
    </p>
   </div>
   <div class='ocr_carea' id='block_1_54' title="bbox 558 3095 2138 3165">
    <p class='ocr_par' dir='ltr' id='par_1_54' title="bbox 558 3095 2138 3165">
     <span class='ocr_line' id='line_1_54' title="bbox 558 3095 2138 3165; baseline -0.006 -6"><span class='ocrx_word' id='word_1_320' title='bbox 558 3095 768 3159; x_wconf 74' lang='lat' dir='ltr'><strong>niarum</strong></span> <span class='ocrx_word' id='word_1_321' title='bbox 832 3098 1021 3165; x_wconf 82' lang='lat' dir='ltr'><strong>quibus</strong></span> <span class='ocrx_word' id='word_1_322' title='bbox 1079 3095 1301 3149; x_wconf 82' lang='lat' dir='ltr'><strong>Romani</strong></span> <span class='ocrx_word' id='word_1_323' title='bbox 1363 3095 1641 3164; x_wconf 47' lang='lat' dir='ltr'><strong>pontifices</strong></span> <span class='ocrx_word' id='word_1_324' title='bbox 1704 3096 1779 3150; x_wconf 89' lang='lat' dir='ltr'><strong>uti</strong></span> <span class='ocrx_word' id='word_1_325' title='bbox 1832 3110 2138 3151; x_wconf 90' lang='lat' dir='ltr'><strong>consueve-</strong></span> 
     </span>
    </p>
   </div>
   <div class='ocr_carea' id='block_1_55' title="bbox 560 3166 2136 3235">
    <p class='ocr_par' dir='ltr' id='par_1_55' title="bbox 560 3166 2136 3235">
     <span class='ocr_line' id='line_1_55' title="bbox 560 3166 2136 3235; baseline -0.003 -11"><span class='ocrx_word' id='word_1_326' title='bbox 560 3180 689 3230; x_wconf 74' lang='lat' dir='ltr'><strong>runt</strong></span> <span class='ocrx_word' id='word_1_327' title='bbox 725 3210 741 3234; x_wconf 92' lang='lat'><strong>,</strong></span> <span class='ocrx_word' id='word_1_328' title='bbox 813 3178 903 3220; x_wconf 90' lang='lat' dir='ltr'><strong>tuo</strong></span> <span class='ocrx_word' id='word_1_329' title='bbox 962 3170 1152 3235; x_wconf 81' lang='lat' dir='ltr'><strong>jussu,</strong></span> <span class='ocrx_word' id='word_1_330' title='bbox 1212 3166 1426 3235; x_wconf 87' lang='lat' dir='ltr'><strong>tuisque</strong></span> <span class='ocrx_word' id='word_1_331' title='bbox 1489 3166 1775 3235; x_wconf 74' lang='lat' dir='ltr'><strong>auspiciis.</strong></span> <span class='ocrx_word' id='word_1_332' title='bbox 1826 3167 2136 3220; x_wconf 76' lang='lat' dir='ltr'><strong>beatissime</strong></span> 
     </span>
    </p>
   </div>
   <div class='ocr_carea' id='block_1_56' title="bbox 567 3234 2135 3305">
    <p class='ocr_par' dir='ltr' id='par_1_56' title="bbox 567 3234 2135 3305">
     <span class='ocr_line' id='line_1_56' title="bbox 567 3234 2135 3305; baseline -0.006 -9"><span class='ocrx_word' id='word_1_333' title='bbox 567 3248 746 3301; x_wconf 86' lang='lat' dir='ltr'><strong>Pater,</strong></span> <span class='ocrx_word' id='word_1_334' title='bbox 778 3234 1390 3305; x_wconf 58' lang='lat' dir='ltr'><strong>aggredioLQertamen</strong></span> <span class='ocrx_word' id='word_1_335' title='bbox 1424 3234 1661 3303; x_wconf 75' lang='lat' dir='ltr'><strong>profecto</strong></span> <span class='ocrx_word' id='word_1_336' title='bbox 1693 3235 1853 3302; x_wconf 83' lang='lat' dir='ltr'><strong>prieri</strong></span> <span class='ocrx_word' id='word_1_337' title='bbox 1899 3236 2135 3305; x_wconf 86' lang='lat' dir='ltr'><strong>laborio-</strong></span> 
     </span>
    </p>
   </div>
   <div class='ocr_carea' id='block_1_57' title="bbox 564 3303 2135 3376">
    <p class='ocr_par' dir='ltr' id='par_1_57' title="bbox 564 3303 2135 3376">
     <span class='ocr_line' id='line_1_57' title="bbox 564 3303 2135 3376; baseline -0.003 -13"><span class='ocrx_word' id='word_1_338' title='bbox 564 3311 697 3367; x_wconf 86' lang='lat' dir='ltr'><strong>sius.</strong></span> <span class='ocrx_word' id='word_1_339' title='bbox 731 3303 993 3376; x_wconf 76' lang='lat' dir='ltr'><strong>longeque</strong></span> <span class='ocrx_word' id='word_1_340' title='bbox 1022 3303 1311 3376; x_wconf 82' lang='lat' dir='ltr'><strong>difflcdius,</strong></span> <span class='ocrx_word' id='word_1_341' title='bbox 1342 3319 1460 3357; x_wconf 89' lang='lat' dir='ltr'><strong>cum</strong></span> <span class='ocrx_word' id='word_1_342' title='bbox 1491 3316 1709 3372; x_wconf 82' lang='lat' dir='ltr'><strong>prepter</strong></span> <span class='ocrx_word' id='word_1_343' title='bbox 1734 3306 1995 3376; x_wconf 87' lang='lat' dir='ltr'><strong>incertam</strong></span> <span class='ocrx_word' id='word_1_344' title='bbox 2021 3304 2135 3372; x_wconf 83' lang='lat' dir='ltr'><strong>ejus</strong></span> 
     </span>
    </p>
   </div>
   <div class='ocr_carea' id='block_1_58' title="bbox 563 3373 2135 3445">
    <p class='ocr_par' dir='ltr' id='par_1_58' title="bbox 563 3373 2135 3445">
     <span class='ocr_line' id='line_1_58' title="bbox 563 3373 2135 3445; baseline -0.004 -11"><span class='ocrx_word' id='word_1_345' title='bbox 563 3382 640 3434; x_wconf 86' lang='lat' dir='ltr'><strong>rei</strong></span> <span class='ocrx_word' id='word_1_346' title='bbox 673 3373 1029 3445; x_wconf 75' lang='lat' dir='ltr'><strong>disciplinam,</strong></span> <span class='ocrx_word' id='word_1_347' title='bbox 1054 3373 1268 3442; x_wconf 89' lang='lat' dir='ltr'><strong>lateque</strong></span> <span class='ocrx_word' id='word_1_348' title='bbox 1300 3390 1390 3443; x_wconf 83' lang='lat' dir='ltr'><strong>per</strong></span> <span class='ocrx_word' id='word_1_349' title='bbox 1421 3376 1584 3427; x_wconf 91' lang='lat' dir='ltr'><strong>multa</strong></span> <span class='ocrx_word' id='word_1_350' title='bbox 1629 3374 1799 3441; x_wconf 86' lang='lat' dir='ltr'><strong>capita</strong></span> <span class='ocrx_word' id='word_1_351' title='bbox 1835 3384 2135 3445; x_wconf 74' lang='lat' dir='ltr'><strong>vagantem,</strong></span> 
     </span>
    </p>
   </div>
   <div class='ocr_carea' id='block_1_59' title="bbox 563 3442 2135 3512">
    <p class='ocr_par' dir='ltr' id='par_1_59' title="bbox 563 3442 2135 3512">
     <span class='ocr_line' id='line_1_59' title="bbox 563 3442 2135 3512; baseline -0.004 -9"><span class='ocrx_word' id='word_1_352' title='bbox 563 3461 673 3503; x_wconf 83' lang='lat' dir='ltr'><strong>tum</strong></span> <span class='ocrx_word' id='word_1_353' title='bbox 696 3442 853 3503; x_wconf 86' lang='lat' dir='ltr'><strong>etiam</strong></span> <span class='ocrx_word' id='word_1_354' title='bbox 878 3446 948 3499; x_wconf 93' lang='lat' dir='ltr'><strong>ob</strong></span> <span class='ocrx_word' id='word_1_355' title='bbox 971 3442 1759 3512; x_wconf 38' lang='lat' dir='ltr'><strong>frcquenictn&#39;cmreumniarum</strong></span> <span class='ocrx_word' id='word_1_356' title='bbox 1786 3442 2135 3510; x_wconf 88' lang='lat' dir='ltr'><strong>additionem,</strong></span> 
     </span>
    </p>
   </div>
   <div class='ocr_carea' id='block_1_60' title="bbox 564 3513 2140 3582">
    <p class='ocr_par' dir='ltr' id='par_1_60' title="bbox 564 3513 2140 3582">
     <span class='ocr_line' id='line_1_60' title="bbox 564 3513 2140 3582; baseline -0.004 -9"><span class='ocrx_word' id='word_1_357' title='bbox 564 3513 1398 3581; x_wconf 84' lang='lat' dir='ltr'><strong>diminutiooem,variationcm,</strong></span> <span class='ocrx_word' id='word_1_358' title='bbox 1430 3529 1491 3569; x_wconf 92' lang='lat' dir='ltr'><strong>ac</strong></span> <span class='ocrx_word' id='word_1_359' title='bbox 1535 3528 1631 3582; x_wconf 89' lang='lat' dir='ltr'><strong>pro</strong></span> <span class='ocrx_word' id='word_1_360' title='bbox 1680 3526 1915 3579; x_wconf 88' lang='lat' dir='ltr'><strong>tempore</strong></span> <span class='ocrx_word' id='word_1_361' title='bbox 1962 3514 2140 3566; x_wconf 87' lang='lat' dir='ltr'><strong>multi-</strong></span> 
     </span>
    </p>
   </div>
   <div class='ocr_carea' id='block_1_61' title="bbox 567 3582 2138 3653">
    <p class='ocr_par' dir='ltr' id='par_1_61' title="bbox 567 3582 2138 3653">
     <span class='ocr_line' id='line_1_61' title="bbox 567 3582 2138 3653; baseline -0.004 -9"><span class='ocrx_word' id='word_1_362' title='bbox 567 3590 756 3653; x_wconf 85' lang='lat' dir='ltr'><strong>pliccm</strong></span> <span class='ocrx_word' id='word_1_363' title='bbox 782 3586 1152 3639; x_wconf 76' lang='lat' dir='ltr'><strong>mutationem.</strong></span> <span class='ocrx_word' id='word_1_364' title='bbox 1174 3582 1435 3653; x_wconf 73' lang='lat' dir='ltr'><strong>Cogitavit</strong></span> <span class='ocrx_word' id='word_1_365' title='bbox 1458 3599 1585 3637; x_wconf 84' lang='lat' dir='ltr'><strong>sane</strong></span> <span class='ocrx_word' id='word_1_366' title='bbox 1606 3584 2138 3653; x_wconf 88' lang='lat' dir='ltr'><strong>circumspectissima</strong></span> 
     </span>
    </p>
   </div>
   <div class='ocr_carea' id='block_1_62' title="bbox 568 3652 2138 3720">
    <p class='ocr_par' dir='ltr' id='par_1_62' title="bbox 568 3652 2138 3720">
     <span class='ocr_line' id='line_1_62' title="bbox 568 3652 2138 3720; baseline -0.004 -8"><span class='ocrx_word' id='word_1_367' title='bbox 568 3652 843 3712; x_wconf 81' lang='lat' dir='ltr'><strong>beatitudo</strong></span> <span class='ocrx_word' id='word_1_368' title='bbox 876 3664 983 3717; x_wconf 87' lang='lat' dir='ltr'><strong>tua,</strong></span> <span class='ocrx_word' id='word_1_369' title='bbox 1009 3665 1056 3705; x_wconf 92' lang='lat' dir='ltr'><strong>ct</strong></span> <span class='ocrx_word' id='word_1_370' title='bbox 1088 3662 1230 3706; x_wconf 86' lang='lat' dir='ltr'><strong>recte</strong></span> <span class='ocrx_word' id='word_1_371' title='bbox 1260 3652 1492 3720; x_wconf 86' lang='lat' dir='ltr'><strong>quidem,</strong></span> <span class='ocrx_word' id='word_1_372' title='bbox 1519 3653 1799 3720; x_wconf 89' lang='lat' dir='ltr'><strong>plurimum</strong></span> <span class='ocrx_word' id='word_1_373' title='bbox 1819 3652 1883 3705; x_wconf 92' lang='lat' dir='ltr'><strong>ad</strong></span> <span class='ocrx_word' id='word_1_374' title='bbox 1907 3652 2138 3706; x_wconf 82' lang='lat' dir='ltr'><strong>divinam</strong></span> 
     </span>
    </p>
   </div>
   <div class='ocr_carea' id='block_1_63' title="bbox 562 3722 2138 3791">
    <p class='ocr_par' dir='ltr' id='par_1_63' title="bbox 562 3722 2138 3791">
     <span class='ocr_line' id='line_1_63' title="bbox 562 3722 2138 3791; baseline -0.003 -10"><span class='ocrx_word' id='word_1_375' title='bbox 562 3728 904 3782; x_wconf 87' lang='lat' dir='ltr'><strong>clementiam</strong></span> <span class='ocrx_word' id='word_1_376' title='bbox 940 3724 1093 3777; x_wconf 90' lang='lat' dir='ltr'><strong>nobis</strong></span> <span class='ocrx_word' id='word_1_377' title='bbox 1126 3722 1510 3791; x_wconf 86' lang='lat' dir='ltr'><strong>propitiandam</strong></span> <span class='ocrx_word' id='word_1_378' title='bbox 1559 3724 1844 3787; x_wconf 74' lang='lat' dir='ltr'><strong>pertinere,</strong></span> <span class='ocrx_word' id='word_1_379' title='bbox 1877 3724 1921 3776; x_wconf 89' lang='lat' dir='ltr'><strong>si</strong></span> <span class='ocrx_word' id='word_1_380' title='bbox 1969 3724 2138 3791; x_wconf 87' lang='lat' dir='ltr'><strong>puris.</strong></span> 
     </span>
    </p>
   </div>
   <div class='ocr_carea' id='block_1_64' title="bbox 571 3790 2140 3859">
    <p class='ocr_par' dir='ltr' id='par_1_64' title="bbox 571 3790 2140 3859">
     <span class='ocr_line' id='line_1_64' title="bbox 571 3790 2140 3859; baseline -0.004 -9"><span class='ocrx_word' id='word_1_381' title='bbox 571 3798 757 3857; x_wconf 88' lang='lat' dir='ltr'><strong>castis,</strong></span> <span class='ocrx_word' id='word_1_382' title='bbox 781 3794 1135 3859; x_wconf 81' lang='lat' dir='ltr'><strong>congruisqttc</strong></span> <span class='ocrx_word' id='word_1_383' title='bbox 1161 3790 1499 3845; x_wconf 74' lang='lat' dir='ltr'><strong>eteremoniis</strong></span> <span class='ocrx_word' id='word_1_384' title='bbox 1524 3793 1609 3844; x_wconf 90' lang='lat' dir='ltr'><strong>illa</strong></span> <span class='ocrx_word' id='word_1_385' title='bbox 1642 3792 1881 3856; x_wconf 87' lang='lat' dir='ltr'><strong>colatur;</strong></span> <span class='ocrx_word' id='word_1_386' title='bbox 1913 3790 2010 3846; x_wconf 85' lang='lat' dir='ltr'><strong>nec</strong></span> <span class='ocrx_word' id='word_1_387' title='bbox 2043 3792 2140 3844; x_wconf 90' lang='lat' dir='ltr'><strong>mi-</strong></span> 
     </span>
    </p>
   </div>
   <div class='ocr_carea' id='block_1_65' title="bbox 571 3861 2142 3930">
    <p class='ocr_par' dir='ltr' id='par_1_65' title="bbox 571 3861 2142 3930">
     <span class='ocr_line' id='line_1_65' title="bbox 571 3861 2142 3930; baseline -0.004 -9"><span class='ocrx_word' id='word_1_388' title='bbox 571 3880 670 3921; x_wconf 91' lang='lat' dir='ltr'><strong>nus</strong></span> <span class='ocrx_word' id='word_1_389' title='bbox 715 3874 957 3930; x_wconf 88' lang='lat' dir='ltr'><strong>spectare</strong></span> <span class='ocrx_word' id='word_1_390' title='bbox 1005 3866 1069 3914; x_wconf 90' lang='lat' dir='ltr'><strong>ad</strong></span> <span class='ocrx_word' id='word_1_391' title='bbox 1121 3861 1453 3930; x_wconf 88' lang='lat' dir='ltr'><strong>maiestatem</strong></span> <span class='ocrx_word' id='word_1_392' title='bbox 1501 3862 1870 3927; x_wconf 81' lang='lat' dir='ltr'><strong>apostolicam,</strong></span> <span class='ocrx_word' id='word_1_393' title='bbox 1898 3862 2142 3929; x_wconf 88' lang='lat' dir='ltr'><strong>sacrique</strong></span> 
     </span>
    </p>
   </div>
   <div class='ocr_carea' id='block_1_66' title="bbox 569 3931 2139 3999">
    <p class='ocr_par' dir='ltr' id='par_1_66' title="bbox 569 3931 2139 3999">
     <span class='ocr_line' id='line_1_66' title="bbox 569 3931 2139 3999; baseline -0.004 -10"><span class='ocrx_word' id='word_1_394' title='bbox 569 3944 785 3989; x_wconf 83' lang='lat' dir='ltr'><strong>senatus</strong></span> <span class='ocrx_word' id='word_1_395' title='bbox 803 3933 1175 3986; x_wconf 79' lang='lat' dir='ltr'><strong>auctoritatem</strong></span> <span class='ocrx_word' id='word_1_396' title='bbox 1194 3931 1699 3999; x_wconf 85' lang='lat' dir='ltr'><strong>venerationemque</strong></span> <span class='ocrx_word' id='word_1_397' title='bbox 1716 3932 2139 3996; x_wconf 81' lang='lat' dir='ltr'><strong>praeservandam</strong></span> 
     </span>
    </p>
   </div>
   <div class='ocr_carea' id='block_1_67' title="bbox 570 4002 2143 4073">
    <p class='ocr_par' dir='ltr' id='par_1_67' title="bbox 570 4002 2143 4073">
     <span class='ocr_line' id='line_1_67' title="bbox 570 4002 2143 4073; baseline -0.003 -16"><span class='ocrx_word' id='word_1_398' title='bbox 570 4016 727 4073; x_wconf 85' lang='lat' dir='ltr'><strong>atque</strong></span> <span class='ocrx_word' id='word_1_399' title='bbox 753 4005 1073 4071; x_wconf 81' lang='lat' dir='ltr'><strong>augendam,</strong></span> <span class='ocrx_word' id='word_1_400' title='bbox 1105 4003 1151 4073; x_wconf 85' lang='lat' dir='ltr'><strong>si</strong></span> <span class='ocrx_word' id='word_1_401' title='bbox 1179 4016 1275 4054; x_wconf 89' lang='lat' dir='ltr'><strong>suo</strong></span> <span class='ocrx_word' id='word_1_402' title='bbox 1306 4002 1513 4067; x_wconf 87' lang='lat' dir='ltr'><strong>ordine,</strong></span> <span class='ocrx_word' id='word_1_403' title='bbox 1548 4002 1761 4068; x_wconf 91' lang='lat' dir='ltr'><strong>rituque</strong></span> <span class='ocrx_word' id='word_1_404' title='bbox 1791 4002 2001 4055; x_wconf 88' lang='lat' dir='ltr'><strong>decenti</strong></span> <span class='ocrx_word' id='word_1_405' title='bbox 2027 4015 2143 4053; x_wconf 88' lang='lat' dir='ltr'><strong>om-</strong></span> 
     </span>
    </p>
   </div>
   <div class='ocr_carea' id='block_1_68' title="bbox 571 4069 2140 4141">
    <p class='ocr_par' dir='ltr' id='par_1_68' title="bbox 571 4069 2140 4141">
     <span class='ocr_line' id='line_1_68' title="bbox 571 4069 2140 4141; baseline -0.003 -15"><span class='ocrx_word' id='word_1_406' title='bbox 571 4069 656 4129; x_wconf 83' lang='lat' dir='ltr'><strong>nia</strong></span> <span class='ocrx_word' id='word_1_407' title='bbox 706 4069 1057 4141; x_wconf 80' lang='lat' dir='ltr'><strong>peragantur;</strong></span> <span class='ocrx_word' id='word_1_408' title='bbox 1092 4069 1155 4141; x_wconf 6' lang='lat' dir='ltr'><strong>isi</strong></span> <span class='ocrx_word' id='word_1_409' title='bbox 1198 4085 1395 4135; x_wconf 78' lang='lat' dir='ltr'><strong>rerum,</strong></span> <span class='ocrx_word' id='word_1_410' title='bbox 1433 4079 1753 4138; x_wconf 76' lang='lat' dir='ltr'><strong>temporum,</strong></span> <span class='ocrx_word' id='word_1_411' title='bbox 1795 4084 2140 4141; x_wconf 88' lang='lat' dir='ltr'><strong>personarum</strong></span> 
     </span>
    </p>
   </div>
   <div class='ocr_carea' id='block_1_69' title="bbox 578 4140 2136 4213">
    <p class='ocr_par' dir='ltr' id='par_1_69' title="bbox 578 4140 2136 4213">
     <span class='ocr_line' id='line_1_69' title="bbox 578 4140 2136 4213; baseline -0.004 -16"><span class='ocrx_word' id='word_1_412' title='bbox 578 4140 716 4198; x_wconf 89' lang='lat' dir='ltr'><strong>ratio</strong></span> <span class='ocrx_word' id='word_1_413' title='bbox 739 4144 1025 4205; x_wconf 74' lang='lat' dir='ltr'><strong>trahentur;</strong></span> <span class='ocrx_word' id='word_1_414' title='bbox 1056 4140 1099 4194; x_wconf 93' lang='lat' dir='ltr'><strong>si</strong></span> <span class='ocrx_word' id='word_1_415' title='bbox 1132 4141 1321 4213; x_wconf 84' lang='lat' dir='ltr'><strong>cuique</strong></span> <span class='ocrx_word' id='word_1_416' title='bbox 1348 4141 1641 4213; x_wconf 87' lang='lat' dir='ltr'><strong>reddantur</strong></span> <span class='ocrx_word' id='word_1_417' title='bbox 1684 4140 1905 4213; x_wconf 83' lang='lat' dir='ltr'><strong>debitus</strong></span> <span class='ocrx_word' id='word_1_418' title='bbox 1946 4140 2136 4205; x_wconf 89' lang='lat' dir='ltr'><strong>honor,</strong></span> 
     </span>
    </p>
   </div>
   <div class='ocr_carea' id='block_1_70' title="bbox 571 4210 2142 4283">
    <p class='ocr_par' dir='ltr' id='par_1_70' title="bbox 571 4210 2142 4283">
     <span class='ocr_line' id='line_1_70' title="bbox 571 4210 2142 4283; baseline -0.002 -18"><span class='ocrx_word' id='word_1_419' title='bbox 571 4224 625 4268; x_wconf 81' lang='lat' dir='ltr'><strong>et</strong></span> <span class='ocrx_word' id='word_1_420' title='bbox 653 4214 864 4283; x_wconf 90' lang='lat' dir='ltr'><strong>propria</strong></span> <span class='ocrx_word' id='word_1_421' title='bbox 897 4210 1360 4283; x_wconf 35' lang='lat' dir='ltr'><strong>reverentiapq&#39;ua:</strong></span> <span class='ocrx_word' id='word_1_422' title='bbox 1408 4212 1619 4278; x_wconf 88' lang='lat' dir='ltr'><strong>quidem</strong></span> <span class='ocrx_word' id='word_1_423' title='bbox 1670 4210 1993 4283; x_wconf 72' lang='lat' dir='ltr'><strong>omniahac</strong></span> <span class='ocrx_word' id='word_1_424' title='bbox 2040 4224 2142 4262; x_wconf 89' lang='lat' dir='ltr'><strong>una</strong></span> 
     </span>
    </p>
   </div>
   <div class='ocr_carea' id='block_1_71' title="bbox 576 4279 2145 4351">
    <p class='ocr_par' dir='ltr' id='par_1_71' title="bbox 576 4279 2145 4351">
     <span class='ocr_line' id='line_1_71' title="bbox 576 4279 2145 4351; baseline -0.002 -16"><span class='ocrx_word' id='word_1_425' title='bbox 576 4279 851 4351; x_wconf 81' lang='lat' dir='ltr'><strong>disciplina</strong></span> <span class='ocrx_word' id='word_1_426' title='bbox 881 4280 1240 4351; x_wconf 88' lang='lat' dir='ltr'><strong>continentur,</strong></span> <span class='ocrx_word' id='word_1_427' title='bbox 1263 4289 1641 4351; x_wconf 80' lang='lat' dir='ltr'><strong>suggeruntur,</strong></span> <span class='ocrx_word' id='word_1_428' title='bbox 1683 4279 2145 4351; x_wconf 83' lang='lat' dir='ltr'><strong>administrantur-</strong></span> 
     </span>
    </p>
   </div>
   <div class='ocr_carea' id='block_1_72' title="bbox 575 4348 2143 4419">
    <p class='ocr_par' dir='ltr' id='par_1_72' title="bbox 575 4348 2143 4419">
     <span class='ocr_line' id='line_1_72' title="bbox 575 4348 2143 4419; baseline 0 -16"><span class='ocrx_word' id='word_1_429' title='bbox 575 4368 697 4419; x_wconf 83' lang='lat' dir='ltr'><strong>que.</strong></span> <span class='ocrx_word' id='word_1_430' title='bbox 717 4348 930 4418; x_wconf 53' lang='lat' dir='ltr'><strong>&#39;Quanta</strong></span> <span class='ocrx_word' id='word_1_431' title='bbox 963 4350 1115 4404; x_wconf 89' lang='lat' dir='ltr'><strong>fuerit</strong></span> <span class='ocrx_word' id='word_1_432' title='bbox 1141 4348 1277 4417; x_wconf 92' lang='lat' dir='ltr'><strong>apud</strong></span> <span class='ocrx_word' id='word_1_433' title='bbox 1321 4364 1504 4403; x_wconf 90' lang='lat' dir='ltr'><strong>omnes</strong></span> <span class='ocrx_word' id='word_1_434' title='bbox 1532 4358 1748 4417; x_wconf 81' lang='lat' dir='ltr'><strong>gentes,</strong></span> <span class='ocrx_word' id='word_1_435' title='bbox 1783 4349 1921 4417; x_wconf 91' lang='lat' dir='ltr'><strong>apud</strong></span> <span class='ocrx_word' id='word_1_436' title='bbox 1957 4363 2143 4419; x_wconf 89' lang='lat' dir='ltr'><strong>omnes</strong></span> 
     </span>
    </p>
   </div>
   <div class='ocr_carea' id='block_1_73' title="bbox 576 4418 2143 4491">
    <p class='ocr_par' dir='ltr' id='par_1_73' title="bbox 576 4418 2143 4491">
     <span class='ocr_line' id='line_1_73' title="bbox 576 4418 2143 4491; baseline -0.001 -18"><span class='ocrx_word' id='word_1_437' title='bbox 576 4418 819 4491; x_wconf 74' lang='lat' dir='ltr'><strong>populos,</strong></span> <span class='ocrx_word' id='word_1_438' title='bbox 845 4420 980 4489; x_wconf 90' lang='lat' dir='ltr'><strong>apud</strong></span> <span class='ocrx_word' id='word_1_439' title='bbox 1013 4434 1198 4473; x_wconf 90' lang='lat' dir='ltr'><strong>omnes</strong></span> <span class='ocrx_word' id='word_1_440' title='bbox 1228 4420 1471 4491; x_wconf 61' lang='lat' dir='ltr'><strong>naiiones</strong></span> <span class='ocrx_word' id='word_1_441' title='bbox 1501 4433 1953 4491; x_wconf 59' lang='lat' dir='ltr'><strong>sacrorunrcura,</strong></span> <span class='ocrx_word' id='word_1_442' title='bbox 1985 4418 2143 4491; x_wconf 76' lang='lat' dir='ltr'><strong>nimis</strong></span> 
     </span>
    </p>
   </div>
   <div class='ocr_carea' id='block_1_74' title="bbox 576 4486 2144 4559">
    <p class='ocr_par' dir='ltr' id='par_1_74' title="bbox 576 4486 2144 4559">
     <span class='ocr_line' id='line_1_74' title="bbox 576 4486 2144 4559; baseline -0.004 -12"><span class='ocrx_word' id='word_1_443' title='bbox 576 4486 790 4559; x_wconf 76' lang='lat' dir='ltr'><strong>longum</strong></span> <span class='ocrx_word' id='word_1_444' title='bbox 819 4486 963 4545; x_wconf 80' lang='lat' dir='ltr'><strong>esset</strong></span> <span class='ocrx_word' id='word_1_445' title='bbox 987 4503 1260 4559; x_wconf 83' lang='lat' dir='ltr'><strong>enarrare.</strong></span> <span class='ocrx_word' id='word_1_446' title='bbox 1294 4489 1695 4559; x_wconf 68' lang='lat' dir='ltr'><strong>Prmtermittam</strong></span> <span class='ocrx_word' id='word_1_447' title='bbox 1742 4486 2005 4559; x_wconf 59' lang='lat' dir='ltr'><strong>Eleusium}</strong></span> <span class='ocrx_word' id='word_1_448' title='bbox 2044 4488 2144 4541; x_wconf 84' lang='lat' dir='ltr'><strong>Ce-</strong></span> 
     </span>
    </p>
   </div>
   <div class='ocr_carea' id='block_1_75' title="bbox 580 4555 2145 4627">
    <p class='ocr_par' dir='ltr' id='par_1_75' title="bbox 580 4555 2145 4627">
     <span class='ocr_line' id='line_1_75' title="bbox 580 4555 2145 4627; baseline -0.002 -14"><span class='ocrx_word' id='word_1_449' title='bbox 580 4555 713 4615; x_wconf 76' lang='lat' dir='ltr'><strong>reris</strong></span> <span class='ocrx_word' id='word_1_450' title='bbox 753 4574 905 4622; x_wconf 84' lang='lat' dir='ltr'><strong>vana,</strong></span> <span class='ocrx_word' id='word_1_451' title='bbox 931 4570 1089 4627; x_wconf 88' lang='lat' dir='ltr'><strong>atque</strong></span> <span class='ocrx_word' id='word_1_452' title='bbox 1118 4558 1296 4611; x_wconf 91' lang='lat' dir='ltr'><strong>abdita</strong></span> <span class='ocrx_word' id='word_1_453' title='bbox 1346 4572 1516 4621; x_wconf 89' lang='lat' dir='ltr'><strong>sacra,</strong></span> <span class='ocrx_word' id='word_1_454' title='bbox 1552 4558 1749 4611; x_wconf 84' lang='lat' dir='ltr'><strong>furiosa</strong></span> <span class='ocrx_word' id='word_1_455' title='bbox 1796 4555 2145 4625; x_wconf 87' lang='lat' dir='ltr'><strong>pudendaque</strong></span> 
     </span>
    </p>
   </div>
   <div class='ocr_carea' id='block_1_76' title="bbox 580 4626 2140 4700">
    <p class='ocr_par' dir='ltr' id='par_1_76' title="bbox 580 4626 2140 4700">
     <span class='ocr_line' id='line_1_76' title="bbox 580 4626 2140 4700; baseline -0.003 -16"><span class='ocrx_word' id='word_1_456' title='bbox 580 4631 815 4700; x_wconf 84' lang='lat' dir='ltr'><strong>Dionysii</strong></span> <span class='ocrx_word' id='word_1_457' title='bbox 840 4628 1018 4700; x_wconf 77' lang='lat' dir='ltr'><strong>orgia;</strong></span> <span class='ocrx_word' id='word_1_458' title='bbox 1044 4626 1410 4697; x_wconf 53' lang='lat' dir='ltr'><strong>rEgyptiorum</strong></span> <span class='ocrx_word' id='word_1_459' title='bbox 1436 4627 1701 4700; x_wconf 85' lang='lat' dir='ltr'><strong>irridenda</strong></span> <span class='ocrx_word' id='word_1_460' title='bbox 1726 4636 1779 4679; x_wconf 91' lang='lat' dir='ltr'><strong>et</strong></span> <span class='ocrx_word' id='word_1_461' title='bbox 1801 4636 2140 4700; x_wconf 83' lang='lat' dir='ltr'><strong>portentuosa</strong></span> 
     </span>
    </p>
   </div>
   <div class='ocr_carea' id='block_1_77' title="bbox 580 4697 2140 4766">
    <p class='ocr_par' dir='ltr' id='par_1_77' title="bbox 580 4697 2140 4766">
     <span class='ocr_line' id='line_1_77' title="bbox 580 4697 2140 4766; baseline -0.004 -13"><span class='ocrx_word' id='word_1_462' title='bbox 580 4697 818 4763; x_wconf 81' lang='lat' dir='ltr'><strong>ntinima,</strong></span> <span class='ocrx_word' id='word_1_463' title='bbox 847 4708 899 4752; x_wconf 91' lang='lat' dir='ltr'><strong>et</strong></span> <span class='ocrx_word' id='word_1_464' title='bbox 929 4698 1287 4750; x_wconf 77' lang='lat' dir='ltr'><strong>Romanorum</strong></span> <span class='ocrx_word' id='word_1_465' title='bbox 1332 4698 1751 4765; x_wconf 89' lang='lat' dir='ltr'><strong>superstitiosam</strong></span> <span class='ocrx_word' id='word_1_466' title='bbox 1796 4697 2140 4766; x_wconf 82' lang='lat' dir='ltr'><strong>religionem;</strong></span> 
     </span>
    </p>
   </div>
   <div class='ocr_carea' id='block_1_78' title="bbox 581 4766 2143 4838">
    <p class='ocr_par' dir='ltr' id='par_1_78' title="bbox 581 4766 2143 4838">
     <span class='ocr_line' id='line_1_78' title="bbox 581 4766 2143 4838; baseline -0.004 -15"><span class='ocrx_word' id='word_1_467' title='bbox 581 4772 721 4838; x_wconf 86' lang='lat' dir='ltr'><strong>apud</strong></span> <span class='ocrx_word' id='word_1_468' title='bbox 768 4768 1076 4838; x_wconf 28' lang='lat' dir='ltr'><strong>quosunulli</strong></span> <span class='ocrx_word' id='word_1_469' title='bbox 1140 4767 1476 4835; x_wconf 77' lang='lat' dir='ltr'><strong>magistratus</strong></span> <span class='ocrx_word' id='word_1_470' title='bbox 1530 4766 1747 4833; x_wconf 81' lang='lat' dir='ltr'><strong>legitimi</strong></span> <span class='ocrx_word' id='word_1_471' title='bbox 1803 4767 2143 4838; x_wconf 83' lang='lat' dir='ltr'><strong>putabantur,</strong></span> 
     </span>
    </p>
   </div>
   <div class='ocr_carea' id='block_1_79' title="bbox 584 4835 2150 4907">
    <p class='ocr_par' dir='ltr' id='par_1_79' title="bbox 584 4835 2150 4907">
     <span class='ocr_line' id='line_1_79' title="bbox 584 4835 2150 4907; baseline -0.005 -13"><span class='ocrx_word' id='word_1_472' title='bbox 584 4835 742 4894; x_wconf 72' lang='lat' dir='ltr'><strong>nulla:</strong></span> <span class='ocrx_word' id='word_1_473' title='bbox 769 4835 1134 4907; x_wconf 82' lang='lat' dir='ltr'><strong>expeditiones</strong></span> <span class='ocrx_word' id='word_1_474' title='bbox 1182 4838 1292 4890; x_wconf 71' lang='lat' dir='ltr'><strong>sire</strong></span> <span class='ocrx_word' id='word_1_475' title='bbox 1341 4838 1506 4895; x_wconf 79' lang='lat' dir='ltr'><strong>mari,</strong></span> <span class='ocrx_word' id='word_1_476' title='bbox 1542 4838 1653 4890; x_wconf 86' lang='lat' dir='ltr'><strong>sive</strong></span> <span class='ocrx_word' id='word_1_477' title='bbox 1705 4846 1853 4907; x_wconf 89' lang='lat' dir='ltr'><strong>terra</strong></span> <span class='ocrx_word' id='word_1_478' title='bbox 1891 4835 2150 4907; x_wconf 47' lang='lat' dir='ltr'><strong>suscipieg</strong></span> 
     </span>
    </p>
   </div>
   <div class='ocr_carea' id='block_1_80' title="bbox 584 4905 2149 4973">
    <p class='ocr_par' dir='ltr' id='par_1_80' title="bbox 584 4905 2149 4973">
     <span class='ocr_line' id='line_1_80' title="bbox 584 4905 2149 4973; baseline -0.006 -9"><span class='ocrx_word' id='word_1_479' title='bbox 584 4914 797 4973; x_wconf 89' lang='lat' dir='ltr'><strong>bantur,</strong></span> <span class='ocrx_word' id='word_1_480' title='bbox 841 4905 976 4960; x_wconf 78' lang='lat' dir='ltr'><strong>nihil</strong></span> <span class='ocrx_word' id='word_1_481' title='bbox 1022 4921 1051 4958; x_wconf 93' lang='lat' dir='ltr'><strong>a</strong></span> <span class='ocrx_word' id='word_1_482' title='bbox 1100 4917 1310 4971; x_wconf 87' lang='lat' dir='ltr'><strong>senatu,</strong></span> <span class='ocrx_word' id='word_1_483' title='bbox 1362 4908 1619 4973; x_wconf 83' lang='lat' dir='ltr'><strong>pepulove</strong></span> <span class='ocrx_word' id='word_1_484' title='bbox 1668 4906 1989 4969; x_wconf 86' lang='lat' dir='ltr'><strong>statuebant,</strong></span> <span class='ocrx_word' id='word_1_485' title='bbox 2050 4905 2149 4956; x_wconf 86' lang='lat' dir='ltr'><strong>nisi</strong></span> 
     </span>
    </p>
   </div>
   <div class='ocr_carea' id='block_1_81' title="bbox 588 4976 2150 5047">
    <p class='ocr_par' dir='ltr' id='par_1_81' title="bbox 588 4976 2150 5047">
     <span class='ocr_line' id='line_1_81' title="bbox 588 4976 2150 5047; baseline -0.004 -16"><span class='ocrx_word' id='word_1_486' title='bbox 588 4985 732 5046; x_wconf 74' lang='lat' dir='ltr'><strong>prius</strong></span> <span class='ocrx_word' id='word_1_487' title='bbox 755 4978 916 5047; x_wconf 86' lang='lat' dir='ltr'><strong>iustis</strong></span> <span class='ocrx_word' id='word_1_488' title='bbox 947 4976 1549 5047; x_wconf 69' lang='lat' dir='ltr'><strong>caeremoniissuperum</strong></span> <span class='ocrx_word' id='word_1_489' title='bbox 1579 4978 1847 5047; x_wconf 58' lang='lat' dir='ltr'><strong>vt)|_tl_ltttts_</strong></span> <span class='ocrx_word' id='word_1_490' title='bbox 1872 4978 2150 5047; x_wconf 69' lang='lat' dir='ltr'><strong>explorata</strong></span> 
     </span>
    </p>
   </div>
   <div class='ocr_carea' id='block_1_82' title="bbox 582 5042 2152 5118">
    <p class='ocr_par' dir='ltr' id='par_1_82' title="bbox 582 5042 2152 5118">
     <span class='ocr_line' id='line_1_82' title="bbox 582 5042 2152 5118; baseline -0.003 -17"><span class='ocrx_word' id='word_1_491' title='bbox 582 5042 933 5118; x_wconf 36' lang='lat' dir='ltr'><strong>i-ssetf585</strong></span> <span class='ocrx_word' id='word_1_492' title='bbox 950 5047 1108 5118; x_wconf 81' lang='lat' dir='ltr'><strong>Sacra</strong></span> <span class='ocrx_word' id='word_1_493' title='bbox 1130 5059 1275 5118; x_wconf 78' lang='lat' dir='ltr'><strong>certe</strong></span> <span class='ocrx_word' id='word_1_494' title='bbox 1293 5045 1633 5098; x_wconf 83' lang='lat' dir='ltr'><strong>l’entateuchi</strong></span> <span class='ocrx_word' id='word_1_495' title='bbox 1664 5043 1881 5118; x_wconf 82' lang='lat' dir='ltr'><strong>historia</strong></span> <span class='ocrx_word' id='word_1_496' title='bbox 1907 5052 2012 5118; x_wconf 76' lang='lat' dir='ltr'><strong>tota</strong></span> <span class='ocrx_word' id='word_1_497' title='bbox 2043 5042 2152 5097; x_wconf 90' lang='lat' dir='ltr'><strong>fere</strong></span> 
     </span>
    </p>
   </div>
   <div class='ocr_carea' id='block_1_83' title="bbox 586 5111 2153 5178">
    <p class='ocr_par' dir='ltr' id='par_1_83' title="bbox 586 5111 2153 5178">
     <span class='ocr_line' id='line_1_83' title="bbox 586 5111 2153 5178; baseline -0.005 -6"><span class='ocrx_word' id='word_1_498' title='bbox 586 5138 635 5172; x_wconf 77' lang='grc' dir='ltr'>ιιι</span> <span class='ocrx_word' id='word_1_499' title='bbox 662 5111 931 5172; x_wconf 58' lang='grc' dir='ltr'><strong>11⁸311ᾱῆἲᾶ</strong></span> <span class='ocrx_word' id='word_1_500' title='bbox 957 5117 1147 5167; x_wconf 85' lang='lat' dir='ltr'><strong>divinis</strong></span> <span class='ocrx_word' id='word_1_501' title='bbox 1175 5116 1359 5168; x_wconf 89' lang='lat' dir='ltr'><strong>ritibus</strong></span> <span class='ocrx_word' id='word_1_502' title='bbox 1380 5125 1654 5178; x_wconf 83' lang='lat' dir='ltr'><strong>versatur;</strong></span> <span class='ocrx_word' id='word_1_503' title='bbox 1702 5113 1772 5165; x_wconf 92' lang='lat' dir='ltr'><strong>ita</strong></span> <span class='ocrx_word' id='word_1_504' title='bbox 1799 5123 1851 5166; x_wconf 88' lang='lat' dir='ltr'><strong>ut</strong></span> <span class='ocrx_word' id='word_1_505' title='bbox 1880 5111 2009 5166; x_wconf 89' lang='lat' dir='ltr'><strong>nihil</strong></span> <span class='ocrx_word' id='word_1_506' title='bbox 2040 5126 2153 5165; x_wconf 89' lang='lat' dir='ltr'><strong>ma-</strong></span> 
     </span>
    </p>
   </div>
   <div class='ocr_carea' id='block_1_84' title="bbox 583 5185 2145 5256">
    <p class='ocr_par' dir='ltr' id='par_1_84' title="bbox 583 5185 2145 5256">
     <span class='ocr_line' id='line_1_84' title="bbox 583 5185 2145 5256; baseline -0.005 -16"><span class='ocrx_word' id='word_1_507' title='bbox 583 5192 663 5255; x_wconf 75' lang='lat' dir='ltr'><strong>gis</strong></span> <span class='ocrx_word' id='word_1_508' title='bbox 696 5191 932 5256; x_wconf 80' lang='lat' dir='ltr'><strong>Moysen,</strong></span> <span class='ocrx_word' id='word_1_509' title='bbox 964 5186 1070 5237; x_wconf 89' lang='lat' dir='ltr'><strong>imo</strong></span> <span class='ocrx_word' id='word_1_510' title='bbox 1097 5185 1267 5256; x_wconf 86' lang='lat' dir='ltr'><strong>ipsum</strong></span> <span class='ocrx_word' id='word_1_511' title='bbox 1305 5186 1466 5238; x_wconf 86' lang='lat' dir='ltr'><strong>Deum</strong></span> <span class='ocrx_word' id='word_1_512' title='bbox 1497 5198 1716 5256; x_wconf 74' lang='lat' dir='ltr'><strong>curasse</strong></span> <span class='ocrx_word' id='word_1_513' title='bbox 1737 5192 1964 5256; x_wconf 79' lang='lat' dir='ltr'><strong>constet.</strong></span> <span class='ocrx_word' id='word_1_514' title='bbox 1988 5192 2145 5256; x_wconf 83' lang='lat' dir='ltr'><strong>quam</strong></span> 
     </span>
    </p>
   </div>
   <div class='ocr_carea' id='block_1_85' title="bbox 586 5250 2150 5322">
    <p class='ocr_par' dir='ltr' id='par_1_85' title="bbox 586 5250 2150 5322">
     <span class='ocr_line' id='line_1_85' title="bbox 586 5250 2150 5322; baseline -0.005 -11"><span class='ocrx_word' id='word_1_515' title='bbox 586 5250 643 5311; x_wconf 72' lang='lat' dir='ltr'><strong>ut</strong></span> <span class='ocrx_word' id='word_1_516' title='bbox 661 5250 869 5311; x_wconf 76' lang='lat' dir='ltr'><strong>statutis</strong></span> <span class='ocrx_word' id='word_1_517' title='bbox 890 5250 1241 5322; x_wconf 75' lang='lat' dir='ltr'><strong>congruiSque</strong></span> <span class='ocrx_word' id='word_1_518' title='bbox 1263 5253 1591 5306; x_wconf 75' lang='lat' dir='ltr'><strong>caeremoniis</strong></span> <span class='ocrx_word' id='word_1_519' title='bbox 1613 5253 1789 5305; x_wconf 88' lang='lat' dir='ltr'><strong>divina</strong></span> <span class='ocrx_word' id='word_1_520' title='bbox 1814 5250 2062 5319; x_wconf 58' lang='lat' dir='ltr'><strong>Maiestas</strong></span> <span class='ocrx_word' id='word_1_521' title='bbox 2085 5250 2150 5303; x_wconf 91' lang='lat' dir='ltr'><strong>ab</strong></span> 
     </span>
    </p>
   </div>
   <div class='ocr_carea' id='block_1_86' title="bbox 588 5322 2147 5388">
    <p class='ocr_par' dir='ltr' id='par_1_86' title="bbox 588 5322 2147 5388">
     <span class='ocr_line' id='line_1_86' title="bbox 588 5322 2147 5388; baseline -0.003 -11"><span class='ocrx_word' id='word_1_522' title='bbox 588 5328 890 5381; x_wconf 87' lang='lat' dir='ltr'><strong>hominibus</strong></span> <span class='ocrx_word' id='word_1_523' title='bbox 918 5327 1202 5388; x_wconf 71' lang='lat' dir='ltr'><strong>eniteretur,</strong></span> <span class='ocrx_word' id='word_1_524' title='bbox 1233 5324 1319 5376; x_wconf 90' lang='lat' dir='ltr'><strong>ubi</strong></span> <span class='ocrx_word' id='word_1_525' title='bbox 1350 5322 1538 5376; x_wconf 89' lang='lat' dir='ltr'><strong>eodem</strong></span> <span class='ocrx_word' id='word_1_526' title='bbox 1563 5333 1747 5375; x_wconf 88' lang='lat' dir='ltr'><strong>tenore</strong></span> <span class='ocrx_word' id='word_1_527' title='bbox 1775 5323 1979 5376; x_wconf 88' lang='lat' dir='ltr'><strong>servari</strong></span> <span class='ocrx_word' id='word_1_528' title='bbox 2000 5336 2147 5374; x_wconf 90' lang='lat' dir='ltr'><strong>man-</strong></span> 
     </span>
    </p>
   </div>
   <div class='ocr_carea' id='block_1_87' title="bbox 590 5392 1884 5461">
    <p class='ocr_par' dir='ltr' id='par_1_87' title="bbox 590 5392 1884 5461">
     <span class='ocr_line' id='line_1_87' title="bbox 590 5392 1884 5461; baseline -0.004 -13"><span class='ocrx_word' id='word_1_529' title='bbox 590 5398 785 5448; x_wconf 87' lang='lat' dir='ltr'><strong>dantur</strong></span> <span class='ocrx_word' id='word_1_530' title='bbox 810 5405 1094 5461; x_wconf 71' lang='lat' dir='ltr'><strong>prazcepta,</strong></span> <span class='ocrx_word' id='word_1_531' title='bbox 1126 5394 1452 5446; x_wconf 68' lang='lat' dir='ltr'><strong>caeremoniis:</strong></span> <span class='ocrx_word' id='word_1_532' title='bbox 1481 5401 1641 5459; x_wconf 88' lang='lat' dir='ltr'><strong>atque</strong></span> <span class='ocrx_word' id='word_1_533' title='bbox 1666 5392 1884 5457; x_wconf 88' lang='lat' dir='ltr'><strong>judicia.</strong></span> 
     </span>
    </p>
   </div>
   <div class='ocr_carea' id='block_1_88' title="bbox 663 5458 2151 5529">
    <p class='ocr_par' dir='ltr' id='par_1_88' title="bbox 663 5458 2151 5529">
     <span class='ocr_line' id='line_1_88' title="bbox 663 5458 2151 5529; baseline -0.004 -13"><span class='ocrx_word' id='word_1_534' title='bbox 663 5458 886 5529; x_wconf 80' lang='lat' dir='ltr'><strong>Maiores</strong></span> <span class='ocrx_word' id='word_1_535' title='bbox 915 5458 1040 5515; x_wconf 81' lang='lat' dir='ltr'><strong>vero</strong></span> <span class='ocrx_word' id='word_1_536' title='bbox 1084 5458 1268 5526; x_wconf 88' lang='lat' dir='ltr'><strong>nostri,</strong></span> <span class='ocrx_word' id='word_1_537' title='bbox 1317 5464 1478 5515; x_wconf 84' lang='lat' dir='ltr'><strong>duces</strong></span> <span class='ocrx_word' id='word_1_538' title='bbox 1520 5458 1573 5514; x_wconf 86' lang='lat' dir='ltr'><strong>et</strong></span> <span class='ocrx_word' id='word_1_539' title='bbox 1602 5462 1850 5515; x_wconf 89' lang='lat' dir='ltr'><strong>doctores</strong></span> <span class='ocrx_word' id='word_1_540' title='bbox 1876 5458 2151 5529; x_wconf 87' lang='lat' dir='ltr'><strong>christiani</strong></span> 
     </span>
    </p>
   </div>
   <div class='ocr_carea' id='block_1_89' title="bbox 594 5528 2153 5600">
    <p class='ocr_par' dir='ltr' id='par_1_89' title="bbox 594 5528 2153 5600">
     <span class='ocr_line' id='line_1_89' title="bbox 594 5528 2153 5600; baseline -0.002 -16"><span class='ocrx_word' id='word_1_541' title='bbox 594 5528 794 5600; x_wconf 79' lang='lat' dir='ltr'><strong>populi,</strong></span> <span class='ocrx_word' id='word_1_542' title='bbox 854 5532 919 5583; x_wconf 89' lang='lat' dir='ltr'><strong>ab</strong></span> <span class='ocrx_word' id='word_1_543' title='bbox 966 5533 1117 5585; x_wconf 88' lang='lat' dir='ltr'><strong>initio</strong></span> <span class='ocrx_word' id='word_1_544' title='bbox 1171 5534 1436 5584; x_wconf 80' lang='lat' dir='ltr'><strong>nascentis</strong></span> <span class='ocrx_word' id='word_1_545' title='bbox 1491 5533 1738 5584; x_wconf 62' lang='lat' dir='ltr'><strong>Eccle.~i.e</strong></span> <span class='ocrx_word' id='word_1_546' title='bbox 1793 5545 1973 5584; x_wconf 84' lang='lat' dir='ltr'><strong>sacros</strong></span> <span class='ocrx_word' id='word_1_547' title='bbox 2022 5528 2153 5600; x_wconf 87' lang='lat' dir='ltr'><strong>ritus</strong></span> 
     </span>
    </p>
   </div>
   <div class='ocr_carea' id='block_1_90' title="bbox 594 5599 2152 5670">
    <p class='ocr_par' dir='ltr' id='par_1_90' title="bbox 594 5599 2152 5670">
     <span class='ocr_line' id='line_1_90' title="bbox 594 5599 2152 5670; baseline -0.003 -14"><span class='ocrx_word' id='word_1_548' title='bbox 594 5599 774 5661; x_wconf 84' lang='lat' dir='ltr'><strong>divino</strong></span> <span class='ocrx_word' id='word_1_549' title='bbox 795 5600 954 5654; x_wconf 83' lang='lat' dir='ltr'><strong>afﬂati</strong></span> <span class='ocrx_word' id='word_1_550' title='bbox 986 5602 1202 5653; x_wconf 85' lang='lat' dir='ltr'><strong>numine</strong></span> <span class='ocrx_word' id='word_1_551' title='bbox 1233 5602 1383 5659; x_wconf 78' lang='lat' dir='ltr'><strong>nobis</strong></span> <span class='ocrx_word' id='word_1_552' title='bbox 1410 5600 1769 5665; x_wconf 83' lang='lat' dir='ltr'><strong>tradiderunt;</strong></span> <span class='ocrx_word' id='word_1_553' title='bbox 1804 5615 1933 5670; x_wconf 80' lang='lat' dir='ltr'><strong>quos</strong></span> <span class='ocrx_word' id='word_1_554' title='bbox 1960 5599 2152 5655; x_wconf 84' lang='lat' dir='ltr'><strong>deinde</strong></span> 
     </span>
    </p>
   </div>
   <div class='ocr_carea' id='block_1_91' title="bbox 666 5713 1629 5784">
    <p class='ocr_par' dir='ltr' id='par_1_91' title="bbox 666 5713 1629 5784">
     <span class='ocr_line' id='line_1_91' title="bbox 666 5713 1629 5784; baseline -0.004 -15"><span class='ocrx_word' id='word_1_555' title='bbox 666 5724 693 5753; x_wconf 75' lang='grc' dir='ltr'><strong>ιι</strong></span> <span class='ocrx_word' id='word_1_556' title='bbox 725 5713 851 5769; x_wconf 78' lang='lat' dir='ltr'><strong>\‘idc</strong></span> <span class='ocrx_word' id='word_1_557' title='bbox 882 5715 1344 5779; x_wconf 85' lang='lat' dir='ltr'><strong>commentarium,</strong></span> <span class='ocrx_word' id='word_1_558' title='bbox 1371 5714 1473 5769; x_wconf 88' lang='lat' dir='ltr'><strong>col.</strong></span> <span class='ocrx_word' id='word_1_559' title='bbox 1508 5730 1629 5784; x_wconf 57' lang='lat'><strong>993,.</strong></span> 
     </span>
    </p>
   </div>
   <div class='ocr_carea' id='block_1_92' title="bbox 2241 2472 3808 2532">
    <p class='ocr_par' dir='ltr' id='par_1_92' title="bbox 2241 2472 3808 2532">
     <span class='ocr_line' id='line_1_92' title="bbox 2241 2472 3808 2532; baseline 0.003 -5"><span class='ocrx_word' id='word_1_560' title='bbox 2241 2483 2517 2528; x_wconf 86' lang='lat' dir='ltr'><strong>crescente</strong></span> <span class='ocrx_word' id='word_1_561' title='bbox 2544 2472 2777 2527; x_wconf 85' lang='lat' dir='ltr'><strong>ﬁdelium</strong></span> <span class='ocrx_word' id='word_1_562' title='bbox 2828 2474 3166 2529; x_wconf 86' lang='lat' dir='ltr'><strong>multitudine</strong></span> <span class='ocrx_word' id='word_1_563' title='bbox 3212 2474 3429 2528; x_wconf 89' lang='lat' dir='ltr'><strong>illorum</strong></span> <span class='ocrx_word' id='word_1_564' title='bbox 3473 2486 3808 2532; x_wconf 74' lang='lat' dir='ltr'><strong>successores</strong></span> 
     </span>
    </p>
   </div>
   <div class='ocr_carea' id='block_1_93' title="bbox 2243 2542 3807 2612">
    <p class='ocr_par' dir='ltr' id='par_1_93' title="bbox 2243 2542 3807 2612">
     <span class='ocr_line' id='line_1_93' title="bbox 2243 2542 3807 2612; baseline -0.002 -14"><span class='ocrx_word' id='word_1_565' title='bbox 2243 2543 2463 2598; x_wconf 80' lang='lat' dir='ltr'><strong>Romani</strong></span> <span class='ocrx_word' id='word_1_566' title='bbox 2485 2542 2777 2609; x_wconf 81' lang='lat' dir='ltr'><strong>pontifices,</strong></span> <span class='ocrx_word' id='word_1_567' title='bbox 2806 2543 2947 2596; x_wconf 89' lang='lat' dir='ltr'><strong>salva</strong></span> <span class='ocrx_word' id='word_1_568' title='bbox 2976 2559 3150 2597; x_wconf 90' lang='lat' dir='ltr'><strong>rerum</strong></span> <span class='ocrx_word' id='word_1_569' title='bbox 3179 2544 3499 2605; x_wconf 65' lang='lat' dir='ltr'><strong>substantia,</strong></span> <span class='ocrx_word' id='word_1_570' title='bbox 3530 2557 3807 2612; x_wconf 79' lang='lat' dir='ltr'><strong>auxerunt,</strong></span> 
     </span>
    </p>
   </div>
   <div class='ocr_carea' id='block_1_94' title="bbox 2239 2612 3807 2681">
    <p class='ocr_par' dir='ltr' id='par_1_94' title="bbox 2239 2612 3807 2681">
     <span class='ocr_line' id='line_1_94' title="bbox 2239 2612 3807 2681; baseline 0.001 -15"><span class='ocrx_word' id='word_1_571' title='bbox 2239 2622 2581 2677; x_wconf 81' lang='lat' dir='ltr'><strong>ornaverunt,</strong></span> <span class='ocrx_word' id='word_1_572' title='bbox 2622 2621 2778 2681; x_wconf 90' lang='lat' dir='ltr'><strong>atque</strong></span> <span class='ocrx_word' id='word_1_573' title='bbox 2806 2612 2996 2666; x_wconf 89' lang='lat' dir='ltr'><strong>mirum</strong></span> <span class='ocrx_word' id='word_1_574' title='bbox 3043 2614 3094 2666; x_wconf 92' lang='lat' dir='ltr'><strong>in</strong></span> <span class='ocrx_word' id='word_1_575' title='bbox 3128 2615 3341 2665; x_wconf 88' lang='lat' dir='ltr'><strong>modum</strong></span> <span class='ocrx_word' id='word_1_576' title='bbox 3374 2613 3765 2679; x_wconf 70' lang='lat' dir='ltr'><strong>ampliaverunt</strong></span> <span class='ocrx_word' id='word_1_577' title='bbox 3788 2656 3807 2681; x_wconf 91' lang='lat'><strong>,</strong></span> 
     </span>
    </p>
   </div>
   <div class='ocr_carea' id='block_1_95' title="bbox 2240 2680 3803 2747">
    <p class='ocr_par' dir='ltr' id='par_1_95' title="bbox 2240 2680 3803 2747">
     <span class='ocr_line' id='line_1_95' title="bbox 2240 2680 3803 2747; baseline 0.001 -13"><span class='ocrx_word' id='word_1_578' title='bbox 2240 2682 2542 2746; x_wconf 86' lang='lat' dir='ltr'><strong>adduntque</strong></span> <span class='ocrx_word' id='word_1_579' title='bbox 2572 2683 2624 2735; x_wconf 88' lang='lat' dir='ltr'><strong>in</strong></span> <span class='ocrx_word' id='word_1_580' title='bbox 2647 2680 2763 2734; x_wconf 89' lang='lat' dir='ltr'><strong>dies</strong></span> <span class='ocrx_word' id='word_1_581' title='bbox 2795 2699 2808 2735; x_wconf 92' lang='lat'><strong>:</strong></span> <span class='ocrx_word' id='word_1_582' title='bbox 2852 2691 3120 2735; x_wconf 85' lang='lat' dir='ltr'><strong>mutantur</strong></span> <span class='ocrx_word' id='word_1_583' title='bbox 3139 2691 3194 2734; x_wconf 90' lang='lat' dir='ltr'><strong>et</strong></span> <span class='ocrx_word' id='word_1_584' title='bbox 3220 2683 3495 2734; x_wconf 87' lang='lat' dir='ltr'><strong>variantur</strong></span> <span class='ocrx_word' id='word_1_585' title='bbox 3527 2680 3803 2747; x_wconf 79' lang='lat' dir='ltr'><strong>permulta,</strong></span> 
     </span>
    </p>
   </div>
   <div class='ocr_carea' id='block_1_96' title="bbox 2240 2750 3804 2820">
    <p class='ocr_par' dir='ltr' id='par_1_96' title="bbox 2240 2750 3804 2820">
     <span class='ocr_line' id='line_1_96' title="bbox 2240 2750 3804 2820; baseline 0.001 -15"><span class='ocrx_word' id='word_1_586' title='bbox 2240 2765 2361 2820; x_wconf 68' lang='lat' dir='ltr'><strong>qua:</strong></span> <span class='ocrx_word' id='word_1_587' title='bbox 2399 2764 2503 2804; x_wconf 89' lang='lat' dir='ltr'><strong>non</strong></span> <span class='ocrx_word' id='word_1_588' title='bbox 2550 2761 2653 2811; x_wconf 86' lang='lat' dir='ltr'><strong>tam</strong></span> <span class='ocrx_word' id='word_1_589' title='bbox 2703 2750 2892 2815; x_wconf 89' lang='lat' dir='ltr'><strong>priscis</strong></span> <span class='ocrx_word' id='word_1_590' title='bbox 2941 2751 3359 2805; x_wconf 51' lang='lat' dir='ltr'><strong>institutionibus</strong></span> <span class='ocrx_word' id='word_1_591' title='bbox 3404 2752 3630 2804; x_wconf 87' lang='lat' dir='ltr'><strong>adversa</strong></span> <span class='ocrx_word' id='word_1_592' title='bbox 3684 2764 3804 2806; x_wconf 82' lang='lat' dir='ltr'><strong>sunt</strong></span> 
     </span>
    </p>
   </div>
   <div class='ocr_carea' id='block_1_97' title="bbox 2242 2820 3808 2889">
    <p class='ocr_par' dir='ltr' id='par_1_97' title="bbox 2242 2820 3808 2889">
     <span class='ocr_line' id='line_1_97' title="bbox 2242 2820 3808 2889; baseline -0.002 -15"><span class='ocrx_word' id='word_1_593' title='bbox 2242 2835 2400 2888; x_wconf 87' lang='lat' dir='ltr'><strong>quam</strong></span> <span class='ocrx_word' id='word_1_594' title='bbox 2423 2820 2713 2889; x_wconf 89' lang='lat' dir='ltr'><strong>temporiet</strong></span> <span class='ocrx_word' id='word_1_595' title='bbox 2728 2820 2886 2874; x_wconf 88' lang='lat' dir='ltr'><strong>rebus</strong></span> <span class='ocrx_word' id='word_1_596' title='bbox 2904 2835 3022 2888; x_wconf 74' lang='lat' dir='ltr'><strong>qua:</strong></span> <span class='ocrx_word' id='word_1_597' title='bbox 3042 2830 3268 2889; x_wconf 87' lang='lat' dir='ltr'><strong>aguntur</strong></span> <span class='ocrx_word' id='word_1_598' title='bbox 3289 2821 3636 2874; x_wconf 71' lang='lat' dir='ltr'><strong>accommoda</strong></span> <span class='ocrx_word' id='word_1_599' title='bbox 3660 2831 3808 2886; x_wconf 83' lang='lat' dir='ltr'><strong>atque</strong></span> 
     </span>
    </p>
   </div>
   <div class='ocr_carea' id='block_1_98' title="bbox 2239 2888 3804 2959">
    <p class='ocr_par' dir='ltr' id='par_1_98' title="bbox 2239 2888 3804 2959">
     <span class='ocr_line' id='line_1_98' title="bbox 2239 2888 3804 2959; baseline 0 -16"><span class='ocrx_word' id='word_1_600' title='bbox 2239 2890 2456 2959; x_wconf 84' lang='lat' dir='ltr'><strong>decora.</strong></span> <span class='ocrx_word' id='word_1_601' title='bbox 2487 2889 2602 2955; x_wconf 86' lang='lat' dir='ltr'><strong>Quo</strong></span> <span class='ocrx_word' id='word_1_602' title='bbox 2632 2888 2689 2942; x_wconf 84' lang='lat' dir='ltr'><strong>fit</strong></span> <span class='ocrx_word' id='word_1_603' title='bbox 2712 2898 2769 2942; x_wconf 92' lang='lat' dir='ltr'><strong>ut</strong></span> <span class='ocrx_word' id='word_1_604' title='bbox 2796 2904 2914 2944; x_wconf 92' lang='lat' dir='ltr'><strong>cum</strong></span> <span class='ocrx_word' id='word_1_605' title='bbox 2938 2888 3151 2959; x_wconf 78' lang='lat' dir='ltr'><strong>prapter</strong></span> <span class='ocrx_word' id='word_1_606' title='bbox 3180 2891 3254 2943; x_wconf 91' lang='lat' dir='ltr'><strong>rei</strong></span> <span class='ocrx_word' id='word_1_607' title='bbox 3290 2899 3616 2959; x_wconf 85' lang='lat' dir='ltr'><strong>vetustatem</strong></span> <span class='ocrx_word' id='word_1_608' title='bbox 3647 2904 3804 2956; x_wconf 85' lang='lat' dir='ltr'><strong>pauca</strong></span> 
     </span>
    </p>
   </div>
   <div class='ocr_carea' id='block_1_99' title="bbox 2239 2957 3809 3028">
    <p class='ocr_par' dir='ltr' id='par_1_99' title="bbox 2239 2957 3809 3028">
     <span class='ocr_line' id='line_1_99' title="bbox 2239 2957 3809 3028; baseline 0.001 -16"><span class='ocrx_word' id='word_1_609' title='bbox 2239 2958 2523 3012; x_wconf 79' lang='lat' dir='ltr'><strong>admodum</strong></span> <span class='ocrx_word' id='word_1_610' title='bbox 2563 2974 2629 3014; x_wconf 78' lang='lat' dir='ltr'><strong>ex</strong></span> <span class='ocrx_word' id='word_1_611' title='bbox 2684 2957 3325 3028; x_wconf 37' lang='lat' dir='ltr'><strong>priorum—observandis</strong></span> <span class='ocrx_word' id='word_1_612' title='bbox 3374 2957 3730 3027; x_wconf 84' lang='lat' dir='ltr'><strong>reperiantur,</strong></span> <span class='ocrx_word' id='word_1_613' title='bbox 3760 2971 3809 3014; x_wconf 83' lang='lat' dir='ltr'><strong>et</strong></span> 
     </span>
    </p>
   </div>
   <div class='ocr_carea' id='block_1_100' title="bbox 2238 3028 3805 3097">
    <p class='ocr_par' dir='ltr' id='par_1_100' title="bbox 2238 3028 3805 3097">
     <span class='ocr_line' id='line_1_100' title="bbox 2238 3028 3805 3097; baseline 0.002 -18"><span class='ocrx_word' id='word_1_614' title='bbox 2238 3044 2355 3097; x_wconf 75' lang='lat' dir='ltr'><strong>qute</strong></span> <span class='ocrx_word' id='word_1_615' title='bbox 2379 3029 2570 3083; x_wconf 87' lang='lat' dir='ltr'><strong>deinde</strong></span> <span class='ocrx_word' id='word_1_616' title='bbox 2598 3044 2627 3080; x_wconf 91' lang='lat' dir='ltr'><strong>a</strong></span> <span class='ocrx_word' id='word_1_617' title='bbox 2661 3030 2884 3095; x_wconf 88' lang='lat' dir='ltr'><strong>posteris</strong></span> <span class='ocrx_word' id='word_1_618' title='bbox 2914 3028 3099 3084; x_wconf 90' lang='lat' dir='ltr'><strong>litteris</strong></span> <span class='ocrx_word' id='word_1_619' title='bbox 3128 3029 3376 3083; x_wconf 85' lang='lat' dir='ltr'><strong>mandata</strong></span> <span class='ocrx_word' id='word_1_620' title='bbox 3407 3036 3659 3091; x_wconf 80' lang='lat' dir='ltr'><strong>exstent,</strong></span> <span class='ocrx_word' id='word_1_621' title='bbox 3706 3038 3805 3082; x_wconf 81' lang='lat' dir='ltr'><strong>tum</strong></span> 
     </span>
    </p>
   </div>
   <div class='ocr_carea' id='block_1_101' title="bbox 2240 3098 3809 3167">
    <p class='ocr_par' dir='ltr' id='par_1_101' title="bbox 2240 3098 3809 3167">
     <span class='ocr_line' id='line_1_101' title="bbox 2240 3098 3809 3167; baseline 0.001 -18"><span class='ocrx_word' id='word_1_622' title='bbox 2240 3107 2457 3166; x_wconf 88' lang='lat' dir='ltr'><strong>propter</strong></span> <span class='ocrx_word' id='word_1_623' title='bbox 2490 3098 2737 3151; x_wconf 70' lang='lat' dir='ltr'><strong>Romana:</strong></span> <span class='ocrx_word' id='word_1_624' title='bbox 2766 3099 2929 3152; x_wconf 65' lang='lat' dir='ltr'><strong>curiae</strong></span> <span class='ocrx_word' id='word_1_625' title='bbox 2956 3100 3172 3153; x_wconf 88' lang='lat' dir='ltr'><strong>crebras</strong></span> <span class='ocrx_word' id='word_1_626' title='bbox 3201 3099 3343 3167; x_wconf 87' lang='lat' dir='ltr'><strong>apud</strong></span> <span class='ocrx_word' id='word_1_627' title='bbox 3386 3108 3605 3151; x_wconf 75' lang='lat' dir='ltr'><strong>exteras</strong></span> <span class='ocrx_word' id='word_1_628' title='bbox 3634 3107 3809 3163; x_wconf 68' lang='lat' dir='ltr'><strong>gentes</strong></span> 
     </span>
    </p>
   </div>
   <div class='ocr_carea' id='block_1_102' title="bbox 2241 3168 3810 3237">
    <p class='ocr_par' dir='ltr' id='par_1_102' title="bbox 2241 3168 3810 3237">
     <span class='ocr_line' id='line_1_102' title="bbox 2241 3168 3810 3237; baseline -0.001 -16"><span class='ocrx_word' id='word_1_629' title='bbox 2241 3168 2717 3235; x_wconf 78' lang='lat' dir='ltr'><strong>peregrinationes,</strong></span> <span class='ocrx_word' id='word_1_630' title='bbox 2764 3178 2873 3220; x_wconf 91' lang='lat' dir='ltr'><strong>tum</strong></span> <span class='ocrx_word' id='word_1_631' title='bbox 2925 3170 3085 3222; x_wconf 86' lang='lat' dir='ltr'><strong>etiam</strong></span> <span class='ocrx_word' id='word_1_632' title='bbox 3142 3177 3357 3237; x_wconf 84' lang='lat' dir='ltr'><strong>propter</strong></span> <span class='ocrx_word' id='word_1_633' title='bbox 3403 3168 3585 3221; x_wconf 87' lang='lat' dir='ltr'><strong>varias</strong></span> <span class='ocrx_word' id='word_1_634' title='bbox 3635 3168 3810 3220; x_wconf 87' lang='lat' dir='ltr'><strong>confu-</strong></span> 
     </span>
    </p>
   </div>
   <div class='ocr_carea' id='block_1_103' title="bbox 2242 3238 3809 3306">
    <p class='ocr_par' dir='ltr' id='par_1_103' title="bbox 2242 3238 3809 3306">
     <span class='ocr_line' id='line_1_103' title="bbox 2242 3238 3809 3306; baseline 0.002 -18"><span class='ocrx_word' id='word_1_635' title='bbox 2242 3251 2435 3306; x_wconf 87' lang='lat' dir='ltr'><strong>sasque</strong></span> <span class='ocrx_word' id='word_1_636' title='bbox 2457 3238 2799 3290; x_wconf 88' lang='lat' dir='ltr'><strong>scribentium</strong></span> <span class='ocrx_word' id='word_1_637' title='bbox 2822 3238 3134 3306; x_wconf 85' lang='lat' dir='ltr'><strong>sententias,</strong></span> <span class='ocrx_word' id='word_1_638' title='bbox 3170 3252 3352 3301; x_wconf 87' lang='lat' dir='ltr'><strong>parum</strong></span> <span class='ocrx_word' id='word_1_639' title='bbox 3373 3238 3495 3291; x_wconf 83' lang='lat' dir='ltr'><strong>usoi</strong></span> <span class='ocrx_word' id='word_1_640' title='bbox 3527 3248 3581 3290; x_wconf 88' lang='lat' dir='ltr'><strong>et</strong></span> <span class='ocrx_word' id='word_1_641' title='bbox 3608 3238 3809 3306; x_wconf 71' lang='lat' dir='ltr'><strong>utilitati</strong></span> 
     </span>
    </p>
   </div>
   <div class='ocr_carea' id='block_1_104' title="bbox 2245 3305 3812 3374">
    <p class='ocr_par' dir='ltr' id='par_1_104' title="bbox 2245 3305 3812 3374">
     <span class='ocr_line' id='line_1_104' title="bbox 2245 3305 3812 3374; baseline 0 -15"><span class='ocrx_word' id='word_1_642' title='bbox 2245 3305 2441 3359; x_wconf 88' lang='lat' dir='ltr'><strong>nostris</strong></span> <span class='ocrx_word' id='word_1_643' title='bbox 2470 3307 2799 3374; x_wconf 90' lang='lat' dir='ltr'><strong>temporibus</strong></span> <span class='ocrx_word' id='word_1_644' title='bbox 2834 3322 2955 3362; x_wconf 88' lang='lat' dir='ltr'><strong>esse</strong></span> <span class='ocrx_word' id='word_1_645' title='bbox 2999 3305 3293 3371; x_wconf 87' lang='lat' dir='ltr'><strong>videantur,</strong></span> <span class='ocrx_word' id='word_1_646' title='bbox 3342 3305 3684 3360; x_wconf 67' lang='lat' dir='ltr'><strong>cmremoniis</strong></span> <span class='ocrx_word' id='word_1_647' title='bbox 3714 3322 3812 3359; x_wconf 89' lang='lat' dir='ltr'><strong>non</strong></span> 
     </span>
    </p>
   </div>
   <div class='ocr_carea' id='block_1_105' title="bbox 2243 3375 3813 3444">
    <p class='ocr_par' dir='ltr' id='par_1_105' title="bbox 2243 3375 3813 3444">
     <span class='ocr_line' id='line_1_105' title="bbox 2243 3375 3813 3444; baseline -0.002 -14"><span class='ocrx_word' id='word_1_648' title='bbox 2243 3387 2347 3430; x_wconf 84' lang='lat' dir='ltr'><strong>tam</strong></span> <span class='ocrx_word' id='word_1_649' title='bbox 2390 3375 2600 3443; x_wconf 89' lang='lat' dir='ltr'><strong>scriptis</strong></span> <span class='ocrx_word' id='word_1_650' title='bbox 2644 3390 2801 3443; x_wconf 77' lang='lat' dir='ltr'><strong>quam</strong></span> <span class='ocrx_word' id='word_1_651' title='bbox 2849 3375 2956 3444; x_wconf 89' lang='lat' dir='ltr'><strong>iam</strong></span> <span class='ocrx_word' id='word_1_652' title='bbox 2992 3377 3193 3443; x_wconf 89' lang='lat' dir='ltr'><strong>pridem</strong></span> <span class='ocrx_word' id='word_1_653' title='bbox 3238 3376 3533 3443; x_wconf 74' lang='lat' dir='ltr'><strong>consuetis</strong></span> <span class='ocrx_word' id='word_1_654' title='bbox 3570 3377 3813 3428; x_wconf 78' lang='lat' dir='ltr'><strong>hactenus</strong></span> 
     </span>
    </p>
   </div>
   <div class='ocr_carea' id='block_1_106' title="bbox 2243 3445 3813 3513">
    <p class='ocr_par' dir='ltr' id='par_1_106' title="bbox 2243 3445 3813 3513">
     <span class='ocr_line' id='line_1_106' title="bbox 2243 3445 3813 3513; baseline 0.001 -15"><span class='ocrx_word' id='word_1_655' title='bbox 2243 3460 2429 3513; x_wconf 89' lang='lat' dir='ltr'><strong>magna</strong></span> <span class='ocrx_word' id='word_1_656' title='bbox 2447 3460 2510 3498; x_wconf 80' lang='lat' dir='ltr'><strong>ex</strong></span> <span class='ocrx_word' id='word_1_657' title='bbox 2540 3455 2685 3510; x_wconf 86' lang='lat' dir='ltr'><strong>parte</strong></span> <span class='ocrx_word' id='word_1_658' title='bbox 2708 3447 2783 3498; x_wconf 90' lang='lat' dir='ltr'><strong>usi</strong></span> <span class='ocrx_word' id='word_1_659' title='bbox 2807 3461 3010 3499; x_wconf 91' lang='lat' dir='ltr'><strong>sumus.</strong></span> <span class='ocrx_word' id='word_1_660' title='bbox 3040 3447 3170 3500; x_wconf 85' lang='lat' dir='ltr'><strong>llinc</strong></span> <span class='ocrx_word' id='word_1_661' title='bbox 3194 3445 3353 3499; x_wconf 75' lang='lat' dir='ltr'><strong>varia:</strong></span> <span class='ocrx_word' id='word_1_662' title='bbox 3370 3446 3664 3512; x_wconf 89' lang='lat' dir='ltr'><strong>aliquando</strong></span> <span class='ocrx_word' id='word_1_663' title='bbox 3685 3445 3813 3499; x_wconf 79' lang='lat' dir='ltr'><strong>inter</strong></span> 
     </span>
    </p>
   </div>
   <div class='ocr_carea' id='block_1_107' title="bbox 2244 3514 3814 3583">
    <p class='ocr_par' dir='ltr' id='par_1_107' title="bbox 2244 3514 3814 3583">
     <span class='ocr_line' id='line_1_107' title="bbox 2244 3514 3814 3583; baseline -0.003 -14"><span class='ocrx_word' id='word_1_664' title='bbox 2244 3515 2428 3569; x_wconf 86' lang='lat' dir='ltr'><strong>Patres</strong></span> <span class='ocrx_word' id='word_1_665' title='bbox 2448 3514 2516 3569; x_wconf 91' lang='lat' dir='ltr'><strong>de</strong></span> <span class='ocrx_word' id='word_1_666' title='bbox 2534 3514 2849 3583; x_wconf 81' lang='lat' dir='ltr'><strong>peragendis</strong></span> <span class='ocrx_word' id='word_1_667' title='bbox 2871 3516 3039 3569; x_wconf 89' lang='lat' dir='ltr'><strong>sacris</strong></span> <span class='ocrx_word' id='word_1_668' title='bbox 3066 3516 3365 3581; x_wconf 82' lang='lat' dir='ltr'><strong>Opiniones,</strong></span> <span class='ocrx_word' id='word_1_669' title='bbox 3388 3514 3515 3567; x_wconf 89' lang='lat' dir='ltr'><strong>hinc</strong></span> <span class='ocrx_word' id='word_1_670' title='bbox 3537 3516 3814 3567; x_wconf 78' lang='lat' dir='ltr'><strong>contentio</strong></span> 
     </span>
    </p>
   </div>
   <div class='ocr_carea' id='block_1_108' title="bbox 2245 3583 3814 3648">
    <p class='ocr_par' dir='ltr' id='par_1_108' title="bbox 2245 3583 3814 3648">
     <span class='ocr_line' id='line_1_108' title="bbox 2245 3583 3814 3648; baseline -0.003 -10"><span class='ocrx_word' id='word_1_671' title='bbox 2245 3601 2337 3638; x_wconf 86' lang='lat' dir='ltr'><strong>nes</strong></span> <span class='ocrx_word' id='word_1_672' title='bbox 2361 3584 2669 3637; x_wconf 83' lang='lat' dir='ltr'><strong>indecentes</strong></span> <span class='ocrx_word' id='word_1_673' title='bbox 2689 3583 2975 3648; x_wconf 85' lang='lat' dir='ltr'><strong>interdum,</strong></span> <span class='ocrx_word' id='word_1_674' title='bbox 3002 3587 3137 3638; x_wconf 82' lang='lat' dir='ltr'><strong>inter</strong></span> <span class='ocrx_word' id='word_1_675' title='bbox 3160 3586 3434 3638; x_wconf 62' lang='lat' dir='ltr'><strong>ministros</strong></span> <span class='ocrx_word' id='word_1_676' title='bbox 3464 3583 3814 3637; x_wconf 59' lang='lat' dir='ltr'><strong>caeremonia-</strong></span> 
     </span>
    </p>
   </div>
   <div class='ocr_carea' id='block_1_109' title="bbox 2243 3652 3815 3717">
    <p class='ocr_par' dir='ltr' id='par_1_109' title="bbox 2243 3652 3815 3717">
     <span class='ocr_line' id='line_1_109' title="bbox 2243 3652 3815 3717; baseline -0.003 -10"><span class='ocrx_word' id='word_1_677' title='bbox 2243 3668 2383 3717; x_wconf 91' lang='lat' dir='ltr'><strong>rum,</strong></span> <span class='ocrx_word' id='word_1_678' title='bbox 2412 3668 2531 3707; x_wconf 90' lang='lat' dir='ltr'><strong>cum</strong></span> <span class='ocrx_word' id='word_1_679' title='bbox 2572 3654 2824 3707; x_wconf 90' lang='lat' dir='ltr'><strong>memoria</strong></span> <span class='ocrx_word' id='word_1_680' title='bbox 2873 3652 3145 3708; x_wconf 88' lang='lat' dir='ltr'><strong>hominum</strong></span> <span class='ocrx_word' id='word_1_681' title='bbox 3202 3653 3374 3708; x_wconf 88' lang='lat' dir='ltr'><strong>labilis</strong></span> <span class='ocrx_word' id='word_1_682' title='bbox 3429 3654 3501 3705; x_wconf 91' lang='lat' dir='ltr'><strong>sit</strong></span> <span class='ocrx_word' id='word_1_683' title='bbox 3554 3661 3613 3705; x_wconf 90' lang='lat' dir='ltr'><strong>et</strong></span> <span class='ocrx_word' id='word_1_684' title='bbox 3667 3652 3815 3713; x_wconf 74' lang='lat' dir='ltr'><strong>fluxa,</strong></span> 
     </span>
    </p>
   </div>
   <div class='ocr_carea' id='block_1_110' title="bbox 2245 3723 3816 3791">
    <p class='ocr_par' dir='ltr' id='par_1_110' title="bbox 2245 3723 3816 3791">
     <span class='ocr_line' id='line_1_110' title="bbox 2245 3723 3816 3791; baseline -0.004 -14"><span class='ocrx_word' id='word_1_685' title='bbox 2245 3737 2495 3791; x_wconf 67' lang='lat' dir='ltr'><strong>smpeque</strong></span> <span class='ocrx_word' id='word_1_686' title='bbox 2523 3725 2640 3776; x_wconf 71' lang='lat' dir='ltr'><strong>alia:</strong></span> <span class='ocrx_word' id='word_1_687' title='bbox 2669 3738 2763 3787; x_wconf 91' lang='lat' dir='ltr'><strong>pro</strong></span> <span class='ocrx_word' id='word_1_688' title='bbox 2793 3723 2911 3775; x_wconf 88' lang='lat' dir='ltr'><strong>aliis</strong></span> <span class='ocrx_word' id='word_1_689' title='bbox 2942 3734 3273 3791; x_wconf 65' lang='lat' dir='ltr'><strong>succurrant,</strong></span> <span class='ocrx_word' id='word_1_690' title='bbox 3321 3731 3374 3774; x_wconf 77' lang='lat' dir='ltr'><strong>cl</strong></span> <span class='ocrx_word' id='word_1_691' title='bbox 3403 3724 3534 3791; x_wconf 80' lang='lat' dir='ltr'><strong>quid</strong></span> <span class='ocrx_word' id='word_1_692' title='bbox 3580 3724 3715 3791; x_wconf 73' lang='lat' dir='ltr'><strong>certi</strong></span> <span class='ocrx_word' id='word_1_693' title='bbox 3746 3735 3816 3772; x_wconf 82' lang='lat' dir='ltr'><strong>te-</strong></span> 
     </span>
    </p>
   </div>
   <div class='ocr_carea' id='block_1_111' title="bbox 2244 3783 3819 3862">
    <p class='ocr_par' dir='ltr' id='par_1_111' title="bbox 2244 3783 3819 3862">
     <span class='ocr_line' id='line_1_111' title="bbox 2244 3783 3819 3862; baseline -0.003 -17"><span class='ocrx_word' id='word_1_694' title='bbox 2244 3783 2472 3846; x_wconf 79' lang='lat' dir='ltr'><strong>nendum</strong></span> <span class='ocrx_word' id='word_1_695' title='bbox 2499 3795 2570 3845; x_wconf 89' lang='lat' dir='ltr'><strong>sit</strong></span> <span class='ocrx_word' id='word_1_696' title='bbox 2601 3783 2700 3844; x_wconf 84' lang='lat' dir='ltr'><strong>fixa</strong></span> <span class='ocrx_word' id='word_1_697' title='bbox 2734 3794 2911 3862; x_wconf 83' lang='lat' dir='ltr'><strong>regula</strong></span> <span class='ocrx_word' id='word_1_698' title='bbox 2952 3783 3159 3847; x_wconf 66' lang='lat' dir='ltr'><strong>osfendi</strong></span> <span class='ocrx_word' id='word_1_699' title='bbox 3208 3783 3313 3846; x_wconf 82' lang='lat' dir='ltr'><strong>non</strong></span> <span class='ocrx_word' id='word_1_700' title='bbox 3346 3783 3546 3857; x_wconf 71' lang='lat' dir='ltr'><strong>possit.</strong></span> <span class='ocrx_word' id='word_1_701' title='bbox 3576 3789 3701 3862; x_wconf 56' lang='lat' dir='ltr'><strong>Haec</strong></span> <span class='ocrx_word' id='word_1_702' title='bbox 3732 3792 3819 3862; x_wconf 56' lang='grc' dir='ltr'><strong>ἱείς</strong></span> 
     </span>
    </p>
   </div>
   <div class='ocr_carea' id='block_1_112' title="bbox 2245 3859 3819 3931">
    <p class='ocr_par' dir='ltr' id='par_1_112' title="bbox 2245 3859 3819 3931">
     <span class='ocr_line' id='line_1_112' title="bbox 2245 3859 3819 3931; baseline -0.003 -16"><span class='ocrx_word' id='word_1_703' title='bbox 2245 3871 2347 3926; x_wconf 90' lang='lat' dir='ltr'><strong>tur,</strong></span> <span class='ocrx_word' id='word_1_704' title='bbox 2368 3873 2576 3925; x_wconf 89' lang='lat' dir='ltr'><strong>utreor,</strong></span> <span class='ocrx_word' id='word_1_705' title='bbox 2596 3859 2817 3931; x_wconf 76' lang='lat' dir='ltr'><strong>provide</strong></span> <span class='ocrx_word' id='word_1_706' title='bbox 2833 3863 3174 3917; x_wconf 87' lang='lat' dir='ltr'><strong>considerans</strong></span> <span class='ocrx_word' id='word_1_707' title='bbox 3199 3863 3459 3915; x_wconf 86' lang='lat' dir='ltr'><strong>sanctitas</strong></span> <span class='ocrx_word' id='word_1_708' title='bbox 3493 3870 3611 3931; x_wconf 85' lang='lat' dir='ltr'><strong>tua.</strong></span> <span class='ocrx_word' id='word_1_709' title='bbox 3631 3859 3819 3912; x_wconf 81' lang='lat' dir='ltr'><strong>beatis-</strong></span> 
     </span>
    </p>
   </div>
   <div class='ocr_carea' id='block_1_113' title="bbox 2244 3930 3817 3998">
    <p class='ocr_par' dir='ltr' id='par_1_113' title="bbox 2244 3930 3817 3998">
     <span class='ocr_line' id='line_1_113' title="bbox 2244 3930 3817 3998; baseline -0.003 -13"><span class='ocrx_word' id='word_1_710' title='bbox 2244 3932 2379 3985; x_wconf 91' lang='lat' dir='ltr'><strong>sime</strong></span> <span class='ocrx_word' id='word_1_711' title='bbox 2410 3930 2942 3998; x_wconf 79' lang='lat' dir='ltr'><strong>Pater,cupiensque</strong></span> <span class='ocrx_word' id='word_1_712' title='bbox 2989 3942 3047 3985; x_wconf 93' lang='lat' dir='ltr'><strong>ut</strong></span> <span class='ocrx_word' id='word_1_713' title='bbox 3097 3932 3149 3985; x_wconf 92' lang='lat' dir='ltr'><strong>in</strong></span> <span class='ocrx_word' id='word_1_714' title='bbox 3196 3931 3354 3985; x_wconf 91' lang='lat' dir='ltr'><strong>rebus</strong></span> <span class='ocrx_word' id='word_1_715' title='bbox 3407 3930 3687 3991; x_wconf 87' lang='lat' dir='ltr'><strong>omnibus,</strong></span> <span class='ocrx_word' id='word_1_716' title='bbox 3721 3937 3817 3980; x_wconf 86' lang='lat' dir='ltr'><strong>tam</strong></span> 
     </span>
    </p>
   </div>
   <div class='ocr_carea' id='block_1_114' title="bbox 2243 3999 3818 4068">
    <p class='ocr_par' dir='ltr' id='par_1_114' title="bbox 2243 3999 3818 4068">
     <span class='ocr_line' id='line_1_114' title="bbox 2243 3999 3818 4068; baseline -0.004 -13"><span class='ocrx_word' id='word_1_717' title='bbox 2243 4000 2438 4055; x_wconf 85' lang='lat' dir='ltr'><strong>divinis</strong></span> <span class='ocrx_word' id='word_1_718' title='bbox 2468 4015 2625 4068; x_wconf 91' lang='lat' dir='ltr'><strong>quam</strong></span> <span class='ocrx_word' id='word_1_719' title='bbox 2652 4001 2896 4054; x_wconf 89' lang='lat' dir='ltr'><strong>humanis</strong></span> <span class='ocrx_word' id='word_1_720' title='bbox 2922 4001 3084 4055; x_wconf 91' lang='lat' dir='ltr'><strong>decus</strong></span> <span class='ocrx_word' id='word_1_721' title='bbox 3109 4011 3161 4054; x_wconf 91' lang='lat' dir='ltr'><strong>et</strong></span> <span class='ocrx_word' id='word_1_722' title='bbox 3190 4002 3322 4053; x_wconf 90' lang='lat' dir='ltr'><strong>ordo</strong></span> <span class='ocrx_word' id='word_1_723' title='bbox 3350 3999 3536 4053; x_wconf 88' lang='lat' dir='ltr'><strong>debite</strong></span> <span class='ocrx_word' id='word_1_724' title='bbox 3560 4006 3818 4068; x_wconf 72' lang='lat' dir='ltr'><strong>servetur,</strong></span> 
     </span>
    </p>
   </div>
   <div class='ocr_carea' id='block_1_115' title="bbox 2246 4066 3819 4137">
    <p class='ocr_par' dir='ltr' id='par_1_115' title="bbox 2246 4066 3819 4137">
     <span class='ocr_line' id='line_1_115' title="bbox 2246 4066 3819 4137; baseline -0.003 -15"><span class='ocrx_word' id='word_1_725' title='bbox 2246 4081 2405 4137; x_wconf 93' lang='lat' dir='ltr'><strong>utque</strong></span> <span class='ocrx_word' id='word_1_726' title='bbox 2425 4066 2539 4124; x_wconf 88' lang='lat' dir='ltr'><strong>sine</strong></span> <span class='ocrx_word' id='word_1_727' title='bbox 2571 4070 2815 4134; x_wconf 91' lang='lat' dir='ltr'><strong>tumultu,</strong></span> <span class='ocrx_word' id='word_1_728' title='bbox 2846 4072 3039 4137; x_wconf 88' lang='lat' dir='ltr'><strong>quiete,</strong></span> <span class='ocrx_word' id='word_1_729' title='bbox 3075 4070 3379 4134; x_wconf 87' lang='lat' dir='ltr'><strong>tranquille,</strong></span> <span class='ocrx_word' id='word_1_730' title='bbox 3407 4083 3532 4121; x_wconf 89' lang='lat' dir='ltr'><strong>cum</strong></span> <span class='ocrx_word' id='word_1_731' title='bbox 3564 4066 3819 4137; x_wconf 79' lang='lat' dir='ltr'><strong>gravitate</strong></span> 
     </span>
    </p>
   </div>
   <div class='ocr_carea' id='block_1_116' title="bbox 2242 4136 3818 4209">
    <p class='ocr_par' dir='ltr' id='par_1_116' title="bbox 2242 4136 3818 4209">
     <span class='ocr_line' id='line_1_116' title="bbox 2242 4136 3818 4209; baseline -0.006 -14"><span class='ocrx_word' id='word_1_732' title='bbox 2242 4151 2297 4195; x_wconf 88' lang='lat' dir='ltr'><strong>et</strong></span> <span class='ocrx_word' id='word_1_733' title='bbox 2324 4136 2590 4209; x_wconf 84' lang='lat' dir='ltr'><strong>dignitate</strong></span> <span class='ocrx_word' id='word_1_734' title='bbox 2630 4140 2803 4193; x_wconf 89' lang='lat' dir='ltr'><strong>omnia</strong></span> <span class='ocrx_word' id='word_1_735' title='bbox 2838 4136 3173 4209; x_wconf 86' lang='lat' dir='ltr'><strong>peragantur,</strong></span> <span class='ocrx_word' id='word_1_736' title='bbox 3208 4138 3439 4209; x_wconf 76' lang='lat' dir='ltr'><strong>iniunxit</strong></span> <span class='ocrx_word' id='word_1_737' title='bbox 3464 4136 3601 4190; x_wconf 88' lang='lat' dir='ltr'><strong>mihi</strong></span> <span class='ocrx_word' id='word_1_738' title='bbox 3633 4145 3690 4209; x_wconf 92' lang='lat' dir='ltr'><strong>u_t</strong></span> <span class='ocrx_word' id='word_1_739' title='bbox 3721 4145 3818 4209; x_wconf 77' lang='lat' dir='ltr'><strong>tam</strong></span> 
     </span>
    </p>
   </div>
   <div class='ocr_carea' id='block_1_117' title="bbox 2244 4204 3821 4277">
    <p class='ocr_par' dir='ltr' id='par_1_117' title="bbox 2244 4204 3821 4277">
     <span class='ocr_line' id='line_1_117' title="bbox 2244 4204 3821 4277; baseline -0.005 -15"><span class='ocrx_word' id='word_1_740' title='bbox 2244 4224 2308 4263; x_wconf 81' lang='lat' dir='ltr'><strong>ex</strong></span> <span class='ocrx_word' id='word_1_741' title='bbox 2338 4204 2487 4262; x_wconf 74' lang='lat' dir='ltr'><strong>libris</strong></span> <span class='ocrx_word' id='word_1_742' title='bbox 2518 4210 2775 4275; x_wconf 91' lang='lat' dir='ltr'><strong>maiorum</strong></span> <span class='ocrx_word' id='word_1_743' title='bbox 2805 4204 2937 4277; x_wconf 80' lang='lat' dir='ltr'><strong>quos</strong></span> <span class='ocrx_word' id='word_1_744' title='bbox 2963 4204 3031 4263; x_wconf 75' lang='lat' dir='ltr'><strong>cx</strong></span> <span class='ocrx_word' id='word_1_745' title='bbox 3065 4204 3317 4262; x_wconf 88' lang='lat' dir='ltr'><strong>archiviis</strong></span> <span class='ocrx_word' id='word_1_746' title='bbox 3347 4207 3613 4259; x_wconf 79' lang='lat' dir='ltr'><strong>Romana:</strong></span> <span class='ocrx_word' id='word_1_747' title='bbox 3646 4204 3821 4257; x_wconf 65' lang='lat' dir='ltr'><strong>Eccle.</strong></span> 
     </span>
    </p>
   </div>
   <div class='ocr_carea' id='block_1_118' title="bbox 2244 4277 3817 4346">
    <p class='ocr_par' dir='ltr' id='par_1_118' title="bbox 2244 4277 3817 4346">
     <span class='ocr_line' id='line_1_118' title="bbox 2244 4277 3817 4346; baseline -0.005 -14"><span class='ocrx_word' id='word_1_748' title='bbox 2244 4280 2339 4332; x_wconf 69' lang='lat' dir='ltr'><strong>sive</strong></span> <span class='ocrx_word' id='word_1_749' title='bbox 2376 4278 2676 4345; x_wconf 87' lang='lat' dir='ltr'><strong>complures</strong></span> <span class='ocrx_word' id='word_1_750' title='bbox 2722 4279 3050 4346; x_wconf 88' lang='lat' dir='ltr'><strong>deprompsi,</strong></span> <span class='ocrx_word' id='word_1_751' title='bbox 3083 4293 3238 4344; x_wconf 88' lang='lat' dir='ltr'><strong>quam</strong></span> <span class='ocrx_word' id='word_1_752' title='bbox 3277 4293 3342 4330; x_wconf 81' lang='lat' dir='ltr'><strong>ex</strong></span> <span class='ocrx_word' id='word_1_753' title='bbox 3372 4277 3697 4346; x_wconf 54' lang='lat' dir='ltr'><strong>quotitliano</strong></span> <span class='ocrx_word' id='word_1_754' title='bbox 3728 4288 3817 4329; x_wconf 58' lang='lat' dir='ltr'><strong>usu</strong></span> 
     </span>
    </p>
   </div>
   <div class='ocr_carea' id='block_1_119' title="bbox 2245 4342 3817 4421">
    <p class='ocr_par' dir='ltr' id='par_1_119' title="bbox 2245 4342 3817 4421">
     <span class='ocr_line' id='line_1_119' title="bbox 2245 4342 3817 4421; baseline -0.006 -18"><span class='ocrx_word' id='word_1_755' title='bbox 2245 4342 2821 4421; x_wconf 22' lang='lat' dir='ltr'><strong>capellge‘apostolicge.</strong></span> <span class='ocrx_word' id='word_1_756' title='bbox 2854 4350 2904 4401; x_wconf 93' lang='lat' dir='ltr'><strong>in</strong></span> <span class='ocrx_word' id='word_1_757' title='bbox 2937 4342 3045 4416; x_wconf 86' lang='lat' dir='ltr'><strong>quo</strong></span> <span class='ocrx_word' id='word_1_758' title='bbox 3084 4342 3236 4401; x_wconf 83' lang='lat' dir='ltr'><strong>annis</strong></span> <span class='ocrx_word' id='word_1_759' title='bbox 3278 4342 3441 4411; x_wconf 80' lang='lat' dir='ltr'><strong>supra</strong></span> <span class='ocrx_word' id='word_1_760' title='bbox 3490 4342 3683 4409; x_wconf 76' lang='lat' dir='ltr'><strong>viginti</strong></span> <span class='ocrx_word' id='word_1_761' title='bbox 3719 4355 3817 4421; x_wconf 78' lang='lat' dir='ltr'><strong>non</strong></span> 
     </span>
    </p>
   </div>
   <div class='ocr_carea' id='block_1_120' title="bbox 2245 4416 3818 4481">
    <p class='ocr_par' dir='ltr' id='par_1_120' title="bbox 2245 4416 3818 4481">
     <span class='ocr_line' id='line_1_120' title="bbox 2245 4416 3818 4481; baseline -0.007 -10"><span class='ocrx_word' id='word_1_762' title='bbox 2245 4419 2360 4472; x_wconf 89' lang='lat' dir='ltr'><strong>sine</strong></span> <span class='ocrx_word' id='word_1_763' title='bbox 2426 4418 2603 4471; x_wconf 86' lang='lat' dir='ltr'><strong>labore</strong></span> <span class='ocrx_word' id='word_1_764' title='bbox 2658 4416 2876 4471; x_wconf 85' lang='lat' dir='ltr'><strong>assiduo</strong></span> <span class='ocrx_word' id='word_1_765' title='bbox 2928 4427 3167 4471; x_wconf 87' lang='lat' dir='ltr'><strong>versatus</strong></span> <span class='ocrx_word' id='word_1_766' title='bbox 3239 4430 3397 4481; x_wconf 84' lang='lat' dir='ltr'><strong>sum,</strong></span> <span class='ocrx_word' id='word_1_767' title='bbox 3464 4416 3818 4466; x_wconf 72' lang='lat' dir='ltr'><strong>cmremonias</strong></span> 
     </span>
    </p>
   </div>
   <div class='ocr_carea' id='block_1_121' title="bbox 2246 4484 3815 4557">
    <p class='ocr_par' dir='ltr' id='par_1_121' title="bbox 2246 4484 3815 4557">
     <span class='ocr_line' id='line_1_121' title="bbox 2246 4484 3815 4557; baseline -0.006 -18"><span class='ocrx_word' id='word_1_768' title='bbox 2246 4502 2455 4551; x_wconf 91' lang='lat' dir='ltr'><strong>omnes,</strong></span> <span class='ocrx_word' id='word_1_769' title='bbox 2522 4488 2713 4557; x_wconf 89' lang='lat' dir='ltr'><strong>quibus</strong></span> <span class='ocrx_word' id='word_1_770' title='bbox 2769 4496 2954 4540; x_wconf 88' lang='lat' dir='ltr'><strong>nostro</strong></span> <span class='ocrx_word' id='word_1_771' title='bbox 3012 4496 3250 4557; x_wconf 85' lang='lat' dir='ltr'><strong>tempore</strong></span> <span class='ocrx_word' id='word_1_772' title='bbox 3298 4484 3370 4537; x_wconf 91' lang='lat' dir='ltr'><strong>uti</strong></span> <span class='ocrx_word' id='word_1_773' title='bbox 3420 4487 3815 4557; x_wconf 71' lang='lat' dir='ltr'><strong>consueverun&#39;</strong></span> 
     </span>
    </p>
   </div>
   <div class='ocr_carea' id='block_1_122' title="bbox 2248 4552 3817 4624">
    <p class='ocr_par' dir='ltr' id='par_1_122' title="bbox 2248 4552 3817 4624">
     <span class='ocr_line' id='line_1_122' title="bbox 2248 4552 3817 4624; baseline -0.006 -15"><span class='ocrx_word' id='word_1_774' title='bbox 2248 4557 2471 4609; x_wconf 75' lang='lat' dir='ltr'><strong>Romani</strong></span> <span class='ocrx_word' id='word_1_775' title='bbox 2522 4552 2817 4624; x_wconf 78' lang='lat' dir='ltr'><strong>pontifices,</strong></span> <span class='ocrx_word' id='word_1_776' title='bbox 2852 4556 3229 4624; x_wconf 74' lang='lat' dir='ltr'><strong>przetermissis</strong></span> <span class='ocrx_word' id='word_1_777' title='bbox 3252 4552 3542 4624; x_wconf 82' lang='lat' dir='ltr'><strong>superfluis</strong></span> <span class='ocrx_word' id='word_1_778' title='bbox 3597 4559 3653 4601; x_wconf 91' lang='lat' dir='ltr'><strong>et</strong></span> <span class='ocrx_word' id='word_1_779' title='bbox 3682 4552 3817 4599; x_wconf 88' lang='lat' dir='ltr'><strong>anti-</strong></span> 
     </span>
    </p>
   </div>
   <div class='ocr_carea' id='block_1_123' title="bbox 2176 4622 3818 4709">
    <p class='ocr_par' dir='ltr' id='par_1_123' title="bbox 2176 4622 3818 4709">
     <span class='ocr_line' id='line_1_123' title="bbox 2176 4622 3818 4709; baseline -0.005 -31"><span class='ocrx_word' id='word_1_780' title='bbox 2176 4650 2225 4709; x_wconf 70' lang='grc' dir='ltr'>υ</span> <span class='ocrx_word' id='word_1_781' title='bbox 2247 4628 2441 4695; x_wconf 89' lang='lat' dir='ltr'><strong>quatis,</strong></span> <span class='ocrx_word' id='word_1_782' title='bbox 2470 4622 2533 4709; x_wconf 67' lang='lat' dir='ltr'><strong>in</strong></span> <span class='ocrx_word' id='word_1_783' title='bbox 2569 4626 2811 4677; x_wconf 90' lang='lat' dir='ltr'><strong>ordinem</strong></span> <span class='ocrx_word' id='word_1_784' title='bbox 2863 4626 3177 4709; x_wconf 79' lang='lat' dir='ltr'><strong>redigerem.</strong></span> <span class='ocrx_word' id='word_1_785' title='bbox 3204 4622 3545 4709; x_wconf 55' lang='lat' dir='ltr'><strong>Qevitassern</strong></span> 
     </span>
    </p>
   </div>
   <div class='ocr_carea' id='block_1_124' title="bbox 2248 4688 3819 4763">
    <p class='ocr_par' dir='ltr' id='par_1_124' title="bbox 2248 4688 3819 4763">
     <span class='ocr_line' id='line_1_124' title="bbox 2248 4688 3819 4763; baseline -0.007 -16"><span class='ocrx_word' id='word_1_786' title='bbox 2248 4688 2468 4763; x_wconf 75' lang='lat' dir='ltr'><strong>senique</strong></span> <span class='ocrx_word' id='word_1_787' title='bbox 2496 4695 2595 4748; x_wconf 92' lang='lat' dir='ltr'><strong>hoc</strong></span> <span class='ocrx_word' id='word_1_788' title='bbox 2625 4708 2815 4747; x_wconf 89' lang='lat' dir='ltr'><strong>munus</strong></span> <span class='ocrx_word' id='word_1_789' title='bbox 2841 4688 3182 4756; x_wconf 81' lang='lat' dir='ltr'><strong>perlibenter,</strong></span> <span class='ocrx_word' id='word_1_790' title='bbox 3207 4700 3259 4763; x_wconf 88' lang='lat' dir='ltr'><strong>et</strong></span> <span class='ocrx_word' id='word_1_791' title='bbox 3278 4690 3549 4763; x_wconf 80' lang='lat' dir='ltr'><strong>sarcinam</strong></span> <span class='ocrx_word' id='word_1_792' title='bbox 3586 4688 3819 4763; x_wconf 73' lang='lat' dir='ltr'><strong>humeris</strong></span> 
     </span>
    </p>
   </div>
   <div class='ocr_carea' id='block_1_125' title="bbox 2249 4756 3822 4829">
    <p class='ocr_par' dir='ltr' id='par_1_125' title="bbox 2249 4756 3822 4829">
     <span class='ocr_line' id='line_1_125' title="bbox 2249 4756 3822 4829; baseline -0.008 -12"><span class='ocrx_word' id='word_1_793' title='bbox 2249 4756 2398 4819; x_wconf 56' lang='lat' dir='ltr'><strong>meis&#39;</strong></span> <span class='ocrx_word' id='word_1_794' title='bbox 2425 4765 2642 4817; x_wconf 89' lang='lat' dir='ltr'><strong>omnino</strong></span> <span class='ocrx_word' id='word_1_795' title='bbox 2695 4764 2951 4829; x_wconf 83' lang='lat' dir='ltr'><strong>imparem</strong></span> <span class='ocrx_word' id='word_1_796' title='bbox 3020 4762 3376 4815; x_wconf 79' lang='lat' dir='ltr'><strong>excussissem</strong></span> <span class='ocrx_word' id='word_1_797' title='bbox 3402 4799 3427 4829; x_wconf 16' lang='grc' dir='ltr'><strong>,ί</strong></span> <span class='ocrx_word' id='word_1_798' title='bbox 3476 4759 3555 4829; x_wconf 69' lang='grc' dir='ltr'><strong>εἰΔ</strong></span> <span class='ocrx_word' id='word_1_799' title='bbox 3585 4756 3822 4829; x_wconf 75' lang='lat' dir='ltr'><strong>licuisset</strong></span> 
     </span>
    </p>
   </div>
   <div class='ocr_carea' id='block_1_126' title="bbox 2252 4825 3822 4903">
    <p class='ocr_par' dir='ltr' id='par_1_126' title="bbox 2252 4825 3822 4903">
     <span class='ocr_line' id='line_1_126' title="bbox 2252 4825 3822 4903; baseline -0.006 -17"><span class='ocrx_word' id='word_1_800' title='bbox 2252 4834 2481 4903; x_wconf 78' lang='lat' dir='ltr'><strong>ponLﬁci</strong></span> <span class='ocrx_word' id='word_1_801' title='bbox 2510 4836 2742 4903; x_wconf 76' lang='lat' dir='ltr'><strong>maxime</strong></span> <span class='ocrx_word' id='word_1_802' title='bbox 2769 4825 2871 4885; x_wconf 82' lang='lat' dir='ltr'><strong>non</strong></span> <span class='ocrx_word' id='word_1_803' title='bbox 2894 4833 3282 4903; x_wconf 86' lang='lat' dir='ltr'><strong>obtemperare.</strong></span> <span class='ocrx_word' id='word_1_804' title='bbox 3326 4828 3430 4883; x_wconf 85' lang='lat' dir='ltr'><strong>Sed</strong></span> <span class='ocrx_word' id='word_1_805' title='bbox 3479 4826 3661 4881; x_wconf 89' lang='lat' dir='ltr'><strong>sciens</strong></span> <span class='ocrx_word' id='word_1_806' title='bbox 3693 4825 3822 4876; x_wconf 81' lang='lat' dir='ltr'><strong>obe-</strong></span> 
     </span>
    </p>
   </div>
   <div class='ocr_carea' id='block_1_127' title="bbox 2252 4901 3824 4972">
    <p class='ocr_par' dir='ltr' id='par_1_127' title="bbox 2252 4901 3824 4972">
     <span class='ocr_line' id='line_1_127' title="bbox 2252 4901 3824 4972; baseline -0.01 -16"><span class='ocrx_word' id='word_1_807' title='bbox 2252 4901 2503 4957; x_wconf 82' lang='lat' dir='ltr'><strong>dientiam</strong></span> <span class='ocrx_word' id='word_1_808' title='bbox 2528 4902 2755 4955; x_wconf 87' lang='lat' dir='ltr'><strong>victimis</strong></span> <span class='ocrx_word' id='word_1_809' title='bbox 2784 4901 3201 4972; x_wconf 62' lang='lat' dir='ltr'><strong>praestantiorem</strong></span> <span class='ocrx_word' id='word_1_810' title='bbox 3232 4912 3383 4961; x_wconf 85' lang='lat' dir='ltr'><strong>esse,</strong></span> <span class='ocrx_word' id='word_1_811' title='bbox 3433 4904 3489 4950; x_wconf 85' lang='lat' dir='ltr'><strong>et</strong></span> <span class='ocrx_word' id='word_1_812' title='bbox 3517 4909 3673 4972; x_wconf 74' lang='lat' dir='ltr'><strong>reum</strong></span> <span class='ocrx_word' id='word_1_813' title='bbox 3704 4906 3824 4972; x_wconf 57' lang='lat' dir='ltr'><strong>esse</strong></span> 
     </span>
    </p>
   </div>
   <div class='ocr_carea' id='block_1_128' title="bbox 2252 4962 3823 5042">
    <p class='ocr_par' dir='ltr' id='par_1_128' title="bbox 2252 4962 3823 5042">
     <span class='ocr_line' id='line_1_128' title="bbox 2252 4962 3823 5042; baseline -0.008 -15"><span class='ocrx_word' id='word_1_814' title='bbox 2252 4974 2466 5038; x_wconf 88' lang='lat' dir='ltr'><strong>mortis,</strong></span> <span class='ocrx_word' id='word_1_815' title='bbox 2490 4972 2578 5039; x_wconf 91' lang='lat' dir='ltr'><strong>qui</strong></span> <span class='ocrx_word' id='word_1_816' title='bbox 2608 4962 2819 5042; x_wconf 80' lang='lat' dir='ltr'><strong>summo</strong></span> <span class='ocrx_word' id='word_1_817' title='bbox 2849 4971 3080 5039; x_wconf 88' lang='lat' dir='ltr'><strong>pontifici</strong></span> <span class='ocrx_word' id='word_1_818' title='bbox 3113 4983 3216 5021; x_wconf 91' lang='lat' dir='ltr'><strong>non</strong></span> <span class='ocrx_word' id='word_1_819' title='bbox 3270 4974 3441 5033; x_wconf 86' lang='lat' dir='ltr'><strong>paret,</strong></span> <span class='ocrx_word' id='word_1_820' title='bbox 3473 4962 3641 5042; x_wconf 74' lang='lat' dir='ltr'><strong>malui</strong></span> <span class='ocrx_word' id='word_1_821' title='bbox 3669 4962 3823 5042; x_wconf 56' lang='lat' dir='ltr'><strong>rudis</strong></span> 
     </span>
    </p>
   </div>
   <div class='ocr_carea' id='block_1_129' title="bbox 2258 5033 3822 5110">
    <p class='ocr_par' dir='ltr' id='par_1_129' title="bbox 2258 5033 3822 5110">
     <span class='ocr_line' id='line_1_129' title="bbox 2258 5033 3822 5110; baseline -0.008 -16"><span class='ocrx_word' id='word_1_822' title='bbox 2258 5053 2415 5110; x_wconf 91' lang='lat' dir='ltr'><strong>atque</strong></span> <span class='ocrx_word' id='word_1_823' title='bbox 2442 5033 2652 5109; x_wconf 79' lang='lat' dir='ltr'><strong>ignarus</strong></span> <span class='ocrx_word' id='word_1_824' title='bbox 2676 5033 2899 5107; x_wconf 58' lang='lat' dir='ltr'><strong>judica&#39;ri</strong></span> <span class='ocrx_word' id='word_1_825' title='bbox 2930 5054 3084 5107; x_wconf 88' lang='lat' dir='ltr'><strong>quam</strong></span> <span class='ocrx_word' id='word_1_826' title='bbox 3105 5049 3385 5110; x_wconf 83' lang='lat' dir='ltr'><strong>protervus</strong></span> <span class='ocrx_word' id='word_1_827' title='bbox 3407 5043 3464 5087; x_wconf 90' lang='lat' dir='ltr'><strong>et</strong></span> <span class='ocrx_word' id='word_1_828' title='bbox 3477 5033 3822 5110; x_wconf 61' lang='lat' dir='ltr'><strong>impediens.</strong></span> 
     </span>
    </p>
   </div>
   <div class='ocr_carea' id='block_1_130' title="bbox 2259 5099 3827 5181">
    <p class='ocr_par' dir='ltr' id='par_1_130' title="bbox 2259 5099 3827 5181">
     <span class='ocr_line' id='line_1_130' title="bbox 2259 5099 3827 5181; baseline -0.011 -16"><span class='ocrx_word' id='word_1_829' title='bbox 2259 5099 2758 5176; x_wconf 34' lang='lat' dir='ltr'><strong>Erexitretmirum</strong></span> <span class='ocrx_word' id='word_1_830' title='bbox 2814 5110 2864 5181; x_wconf 86' lang='lat' dir='ltr'><strong>in</strong></span> <span class='ocrx_word' id='word_1_831' title='bbox 2913 5099 3126 5181; x_wconf 76' lang='lat' dir='ltr'><strong>modum</strong></span> <span class='ocrx_word' id='word_1_832' title='bbox 3180 5106 3514 5159; x_wconf 82' lang='lat' dir='ltr'><strong>confirmavit</strong></span> <span class='ocrx_word' id='word_1_833' title='bbox 3546 5101 3699 5181; x_wconf 53' lang='grc' dir='ltr'><strong>ἀνιῇ</strong></span> 
     </span>
    </p>
   </div>
   <div class='ocr_carea' id='block_1_131' title="bbox 2259 5177 3825 5243">
    <p class='ocr_par' dir='ltr' id='par_1_131' title="bbox 2259 5177 3825 5243">
     <span class='ocr_line' id='line_1_131' title="bbox 2259 5177 3825 5243; baseline -0.01 -8"><span class='ocrx_word' id='word_1_834' title='bbox 2259 5182 2474 5235; x_wconf 86' lang='lat' dir='ltr'><strong>bcutem</strong></span> <span class='ocrx_word' id='word_1_835' title='bbox 2505 5182 2761 5242; x_wconf 84' lang='lat' dir='ltr'><strong>animum,</strong></span> <span class='ocrx_word' id='word_1_836' title='bbox 2810 5177 3078 5243; x_wconf 87' lang='lat' dir='ltr'><strong>inprimis</strong></span> <span class='ocrx_word' id='word_1_837' title='bbox 3106 5190 3310 5229; x_wconf 91' lang='lat' dir='ltr'><strong>summa</strong></span> <span class='ocrx_word' id='word_1_838' title='bbox 3361 5183 3463 5225; x_wconf 71' lang='lat' dir='ltr'><strong>tua:</strong></span> <span class='ocrx_word' id='word_1_839' title='bbox 3507 5177 3730 5239; x_wconf 82' lang='lat' dir='ltr'><strong>pietatis</strong></span> <span class='ocrx_word' id='word_1_840' title='bbox 3777 5182 3825 5220; x_wconf 85' lang='lat' dir='ltr'><strong>tn</strong></span> 
     </span>
    </p>
   </div>
   <div class='ocr_carea' id='block_1_132' title="bbox 2257 5244 3825 5317">
    <p class='ocr_par' dir='ltr' id='par_1_132' title="bbox 2257 5244 3825 5317">
     <span class='ocr_line' id='line_1_132' title="bbox 2257 5244 3825 5317; baseline -0.01 -13"><span class='ocrx_word' id='word_1_841' title='bbox 2257 5265 2445 5304; x_wconf 91' lang='lat' dir='ltr'><strong>omnes</strong></span> <span class='ocrx_word' id='word_1_842' title='bbox 2494 5251 2788 5317; x_wconf 83' lang='lat' dir='ltr'><strong>benignitas</strong></span> <span class='ocrx_word' id='word_1_843' title='bbox 2822 5258 2981 5315; x_wconf 83' lang='lat' dir='ltr'><strong>atque</strong></span> <span class='ocrx_word' id='word_1_844' title='bbox 3027 5244 3335 5317; x_wconf 77' lang='lat' dir='ltr'><strong>clementia,</strong></span> <span class='ocrx_word' id='word_1_845' title='bbox 3381 5257 3500 5309; x_wconf 77' lang='lat' dir='ltr'><strong>qua:</strong></span> <span class='ocrx_word' id='word_1_846' title='bbox 3548 5255 3659 5291; x_wconf 83' lang='lat' dir='ltr'><strong>non</strong></span> <span class='ocrx_word' id='word_1_847' title='bbox 3724 5247 3825 5290; x_wconf 86' lang='lat' dir='ltr'><strong>tam</strong></span> 
     </span>
    </p>
   </div>
   <div class='ocr_carea' id='block_1_133' title="bbox 2260 5315 3827 5390">
    <p class='ocr_par' dir='ltr' id='par_1_133' title="bbox 2260 5315 3827 5390">
     <span class='ocr_line' id='line_1_133' title="bbox 2260 5315 3827 5390; baseline -0.008 -19"><span class='ocrx_word' id='word_1_848' title='bbox 2260 5315 2661 5390; x_wconf 78' lang='lat' dir='ltr'><strong>iueptitudinem</strong></span> <span class='ocrx_word' id='word_1_849' title='bbox 2702 5332 2871 5390; x_wconf 83' lang='lat' dir='ltr'><strong>meam</strong></span> <span class='ocrx_word' id='word_1_850' title='bbox 2902 5315 3338 5390; x_wconf 26' lang='lat' dir='ltr'><strong>quam‘optitnam</strong></span> <span class='ocrx_word' id='word_1_851' title='bbox 3370 5321 3607 5390; x_wconf 71' lang='lat' dir='ltr'><strong>mentem</strong></span> <span class='ocrx_word' id='word_1_852' title='bbox 3634 5317 3694 5360; x_wconf 79' lang='lat' dir='ltr'><strong>et</strong></span> <span class='ocrx_word' id='word_1_853' title='bbox 3742 5321 3827 5375; x_wconf 84' lang='lat' dir='ltr'><strong>pa-</strong></span> 
     </span>
    </p>
   </div>
   <div class='ocr_carea' id='block_1_134' title="bbox 2260 5380 3829 5457">
    <p class='ocr_par' dir='ltr' id='par_1_134' title="bbox 2260 5380 3829 5457">
     <span class='ocr_line' id='line_1_134' title="bbox 2260 5380 3829 5457; baseline -0.01 -15"><span class='ocrx_word' id='word_1_854' title='bbox 2260 5380 2411 5442; x_wconf 62' lang='lat' dir='ltr'><strong>ren&#39;di</strong></span> <span class='ocrx_word' id='word_1_855' title='bbox 2437 5380 3241 5457; x_wconf 35' lang='lat' dir='ltr'><strong>promptitudiuetn&#39;mctieturt</strong></span> <span class='ocrx_word' id='word_1_856' title='bbox 3272 5394 3383 5434; x_wconf 91' lang='lat' dir='ltr'><strong>tum</strong></span> <span class='ocrx_word' id='word_1_857' title='bbox 3432 5380 3649 5457; x_wconf 69' lang='lat' dir='ltr'><strong>illorum</strong></span> <span class='ocrx_word' id='word_1_858' title='bbox 3685 5391 3829 5457; x_wconf 70' lang='lat' dir='ltr'><strong>reve-</strong></span> 
     </span>
    </p>
   </div>
   <div class='ocr_carea' id='block_1_135' title="bbox 2262 5447 3827 5528">
    <p class='ocr_par' dir='ltr' id='par_1_135' title="bbox 2262 5447 3827 5528">
     <span class='ocr_line' id='line_1_135' title="bbox 2262 5447 3827 5528; baseline -0.01 -17"><span class='ocrx_word' id='word_1_859' title='bbox 2262 5447 2699 5518; x_wconf 67' lang='lat' dir='ltr'><strong>t‘eridissitttorttnt</strong></span> <span class='ocrx_word' id='word_1_860' title='bbox 2732 5456 2965 5528; x_wconf 84' lang='lat' dir='ltr'><strong>Patrum,</strong></span> <span class='ocrx_word' id='word_1_861' title='bbox 2995 5469 3125 5521; x_wconf 89' lang='lat' dir='ltr'><strong>quos</strong></span> <span class='ocrx_word' id='word_1_862' title='bbox 3155 5447 3311 5520; x_wconf 89' lang='lat' dir='ltr'><strong>huius</strong></span> <span class='ocrx_word' id='word_1_863' title='bbox 3355 5459 3552 5528; x_wconf 62' lang='lat' dir='ltr'><strong>nostra}</strong></span> <span class='ocrx_word' id='word_1_864' title='bbox 3583 5447 3827 5528; x_wconf 77' lang='lat' dir='ltr'><strong>lucubra-</strong></span> 
     </span>
    </p>
   </div>
   <div class='ocr_carea' id='block_1_136' title="bbox 2263 5519 3827 5595">
    <p class='ocr_par' dir='ltr' id='par_1_136' title="bbox 2263 5519 3827 5595">
     <span class='ocr_line' id='line_1_136' title="bbox 2263 5519 3827 5595; baseline -0.01 -14"><span class='ocrx_word' id='word_1_865' title='bbox 2263 5528 2419 5581; x_wconf 91' lang='lat' dir='ltr'><strong>tionis</strong></span> <span class='ocrx_word' id='word_1_866' title='bbox 2448 5528 2806 5595; x_wconf 86' lang='lat' dir='ltr'><strong>recognitores</strong></span> <span class='ocrx_word' id='word_1_867' title='bbox 2836 5519 3206 5595; x_wconf 78' lang='lat' dir='ltr'><strong>revisorcsque</strong></span> <span class='ocrx_word' id='word_1_868' title='bbox 3220 5519 3571 5595; x_wconf 71' lang='lat' dir='ltr'><strong>constituisti,</strong></span> <span class='ocrx_word' id='word_1_869' title='bbox 3594 5519 3827 5595; x_wconf 64' lang='lat' dir='ltr'><strong>pruden-</strong></span> 
     </span>
    </p>
   </div>
   <div class='ocr_carea' id='block_1_137' title="bbox 2264 5585 3828 5667">
    <p class='ocr_par' dir='ltr' id='par_1_137' title="bbox 2264 5585 3828 5667">
     <span class='ocr_line' id='line_1_137' title="bbox 2264 5585 3828 5667; baseline -0.01 -16"><span class='ocrx_word' id='word_1_870' title='bbox 2264 5596 2355 5663; x_wconf 90' lang='lat' dir='ltr'><strong>tia,</strong></span> <span class='ocrx_word' id='word_1_871' title='bbox 2389 5585 2691 5667; x_wconf 48' lang='lat' dir='ltr'><strong>diligenutia,</strong></span> <span class='ocrx_word' id='word_1_872' title='bbox 2726 5597 3039 5651; x_wconf 84' lang='lat' dir='ltr'><strong>acerrimum</strong></span> <span class='ocrx_word' id='word_1_873' title='bbox 3069 5634 3084 5660; x_wconf 93' lang='lat'><strong>,</strong></span> <span class='ocrx_word' id='word_1_874' title='bbox 3124 5585 3505 5662; x_wconf 80' lang='lat' dir='ltr'><strong>integrumque</strong></span> <span class='ocrx_word' id='word_1_875' title='bbox 3546 5585 3828 5653; x_wconf 77' lang='lat' dir='ltr'><strong>judicium.</strong></span> 
     </span>
    </p>
   </div>
  </div>
