3990 6298
551 275 687 334 H05

1424 283 1764 335 Αιιιιωυιλ
1808 286 1898 335 At)
1938 286 1997 337 S.
2046 286 2285 340 SANCTI
2327 288 2651 347 GliEGORII
2693 293 2944 350 OPEﬂA.

3679 305 3703 359 Ι
3719 307 3812 361 λιιι

544 393 1051 477 ειίιιιιιιιιιειίεἱιξιιιε
1072 391 1739 477 christianmcteremouias
1767 394 1832 448 ad
1856 395 2118 477 publicam
2147 398 2197 457 Α
2228 397 2314 453 hic
2335 415 2502 454 novus
2535 403 2730 477 homo,
2772 416 2821 460 et
2856 407 3015 461 modo
3054 408 3222 464 sacris
3261 411 3523 477 initiatus,
3558 431 3706 472 unus
3738 421 3812 474 in-

541 466 849 520 mortalium
885 461 1174 517 utilitatem
1221 474 1342 516 esse
1374 461 1743 530 divulgandas,
1778 461 1906 518 morti
1944 466 2120 521 forsan

548 535 632 591 vel
659 550 724 588 eo
741 541 1070 600 argumento,
1106 530 1245 597 quod
1276 531 1386 599 ipsa
1418 532 1579 585 divini
1604 532 1842 586 Numinis
1868 534 2123 590 deductio

541 614 597 659 et
637 616 828 658 cretera
878 601 1129 655 Ecclesia:
1169 611 1499 654 sacramenta
1545 602 1692 655 libris
1721 602 2123 661 Pontificalibns

544 676 799 741 impressa
821 680 875 725 et
905 670 1162 741 publicata
1192 679 1335 723 sunt.
1359 671 1563 737 Quippe
1596 673 1679 725 ill-t
1711 674 1775 725 ad
1805 689 1990 728 omnes
2024 675 2125 730 Ec-

543 739 732 795 cle‘sias
761 751 813 794 et
842 739 1079 807 singulos
1103 755 1342 808 quosque
1372 742 1673 794 sacerdotes
1704 744 1987 807 pertinent,
2024 760 2122 800 nec

539 810 754 863 omnino
768 811 987 864 recondi
1007 819 1267 875 poterant.
1290 809 1413 863 lla:c
1430 810 1494 863 ad
1520 811 1809 865 Romanam
1831 812 2120 869 Ecclesiam

541 887 769 943 tantum,
802 879 1024 949 ejusque
1064 894 1330 933 summum
1371 881 1697 947 pontificem,
1726 895 1955 949 suosque
1980 884 2120 937 dun-

542 960 681 1002 taxat
708 950 838 1003 adid
867 950 1041 1013 oneris
1062 958 1274 1003 vocatos
1302 949 1594 1005 ministros.
1614 950 1716 1015 Sed
1742 954 1941 1005 utinam
1958 954 2117 1007 etiam

537 1028 591 1070 et
620 1019 705 1071 illa
738 1035 856 1088 quae
883 1020 997 1073 dixi
1027 1021 1317 1073 secretiora
1345 1018 1519 1073 forent
1546 1030 1596 1074 et
1620 1021 1785 1088 magis
1814 1021 2116 1079 recondita!

540 1089 655 1141 Non
689 1092 829 1143 enim
858 1104 918 1144 ea
949 1088 1204 1158 quotidie,
1243 1090 1308 1140 ad
1341 1090 1588 1155 profanas
1628 1105 1813 1145 manus
1852 1092 1903 1144 in
1945 1107 2121 1147 sacer-

538 1159 667 1212 dotii
690 1170 1073 1227 contemptura,
1097 1174 1193 1213 nec
1219 1158 1283 1211 ad
1306 1158 1507 1213 alienas
1528 1171 1697 1212 sectas
1731 1162 1780 1213 in
1812 1169 2007 1215 nostra:
2029 1178 2118 1217 re-

538 1228 751 1298 ligionis
794 1231 1091 1285 irrisionem
1123 1228 1377 1282 devenire
1418 1228 1741 1283 videremus.
1772 1231 1838 1285 At
1866 1233 2117 1299 quoniam

536 1312 580 1350 ιιι
604 1307 653 1351 ιιι
686 1300 1001 1367 reprehendi
1030 1301 1196 1367 magis
1230 1307 1451 1367 possunt
1480 1314 1637 1369 quam
1669 1299 1899 1369 corrigi;
1933 1316 2117 1356 rever-

540 1378 714 1423 tamur
735 1372 799 1423 ad
832 1387 942 1423 rem
968 1381 1203 1424 nostram
1236 1370 1495 1437 integram
1524 1368 1717 1427 adhuc.
1747 1368 1944 1432 nelhoe
1975 1373 2116 1426 malo

539 1441 787 1509 exemplo
814 1454 861 1493 et
890 1441 1001 1509 ipsa
1034 1439 1399 1493 labefactetur.
1435 1438 1589 1492 Novit
1613 1438 1723 1507 jam
1757 1440 1959 1507 pridem
1991 1456 2114 1495 san-

535 1511 696 1564 ctitas
728 1520 811 1563 tua
843 1525 1055 1565 onmem
1098 1511 1457 1563 Romanorum
1492 1509 1797 1575 pontificum
1829 1512 2115 1565 auctorita-

538 1588 667 1645 tem,
687 1596 897 1635 omnem
914 1581 1241 1647 maiestatem
1270 1577 1425 1646 hujus
1446 1589 1797 1632 sacrosanctae
1820 1580 1962 1633 sedis
1988 1596 2113 1649 pen-

539 1651 668 1703 tlere
697 1666 762 1703 ex
801 1652 993 1704 animis
1031 1650 1476 1717 Opinionibnsque
1516 1648 1809 1717 principum
1850 1660 1904 1702 et
1928 1648 2115 1719 praela-

537 1728 733 1775 torum.
765 1720 897 1773 Dum
922 1721 1064 1774 enim
1089 1720 1162 1772 illi
1189 1733 1424 1772 summos
1444 1718 1718 1785 pontifices
1743 1734 1847 1773 non
1865 1718 2110 1789 tanquam

536 1791 787 1845 mortales
812 1792 1073 1855 homines,
1100 1790 1190 1843 sed
1225 1798 1471 1857 tanquam
1502 1789 1633 1843 deos
1664 1789 1713 1841 in
1742 1790 1897 1842 terris
1925 1790 2112 1843 existi-

538 1868 686 1912 mant
713 1870 766 1914 et
803 1863 1048 1921 credunt,
1097 1859 1196 1914 illis
1230 1873 1290 1913 se
1316 1868 1506 1925 Sponte
1534 1873 1628 1912 sua
1663 1858 1973 1927 subjiciunt,
2012 1860 2117 1916 illis

536 1939 744 1995 parent,
774 1931 891 1983 illos
919 1928 1213 1994 suspiciunt
1250 1944 1311 1982 ac
1341 1939 1677 1995 venerantur,
1716 1937 1771 1982 et
1796 1930 1953 1983 etiam
1980 1930 2112 1984 ado-

532 2009 673 2064 rant,
708 2000 1111 2070 incredibilique
1140 1998 1367 2067 quadam
1397 1998 1706 2070 afficiuntur
1732 1999 2108 2067 admiratione,

530 2081 653 2121 cum
716 2069 1285 2139 aliquando’audiunt
1343 2078 1435 2122 aut
1475 2069 1661 2123 vident
1706 2082 1866 2137 supra
1927 2071 2112 2125 huma-

534 2153 660 2191 num
702 2154 834 2208 opus
876 2142 942 2193 ab
982 2140 1085 2193 illis
1128 2155 1219 2206 per
1258 2154 1349 2193 eas
1392 2140 1458 2192 de
1493 2139 1684 2207 qusbus
1714 2141 1917 2203 agimus
1943 2155 2111 2196 cmre-

537 2211 744 2282 [nenias
772 2212 933 2282 589
958 2212 1009 2264 in
1040 2220 1345 2282 sanctorum
1378 2224 1658 2282 numerum
1689 2211 1987 2282 quempiam
2019 2226 2106 2265 re-

522 2277 691 2344 ferri,
725 2277 1003 2345 pontifices
1035 2288 1180 2333 tanta
1203 2280 1561 2347 solemnitate,
1586 2288 1835 2347 tantaque
1859 2280 2109 2333 observa-

535 2348 679 2402 tione
708 2350 827 2418 eligi
871 2360 1030 2418 atque
1074 2348 1412 2411 sanctificari,
1442 2348 1800 2418 imperatores
1833 2351 2100 2417 coronari,

538 2433 693 2491 reges
723 2423 924 2491 inungi,
950 2417 1269 2474 cardinales
1312 2420 1533 2484 assumi,
1561 2417 1905 2491 patriarchas,
1934 2420 2108 2491 archi-

536 2489 818 2556 episcopos
862 2489 1246 2559 episcoposqne
1274 2489 1608 2559 consecrari,
1644 2502 1707 2559 ac
1744 2497 1934 2541 caetera
1952 2489 2103 2559 effici

531 2574 650 2624 qua:
679 2567 805 2614 tunc
833 2558 1009 2616 rerum
1042 2558 1426 2626 magnitudine,
1458 2567 1568 2611 tum
1601 2558 1877 2622 varietate,
1912 2558 2103 2611 divini-

532 2636 693 2683 tatem
719 2630 1000 2698 quamdam
1032 2644 1142 2698 prae
1170 2643 1230 2683 se
1255 2628 1391 2683 ferre
1415 2628 1639 2683 videtur.
1672 2628 1820 2692 Quod
1843 2630 1886 2680 si
1917 2640 2101 2683 sacro-

531 2711 648 2752 rum
681 2714 868 2754 arcana
920 2697 1239 2768 pandantur,
1287 2706 1343 2752 et
1384 2713 1549 2768 sacrae
1580 2697 1912 2765 publicentur
1939 2712 2102 2753 caere-

532 2770 742 2832 moniae,
774 2771 915 2824 illico
943 2769 1181 2823 futurum
1212 2777 1293 2822 est
1322 2777 1378 2822 ut
1401 2767 1573 2822 omnis
1598 2769 1776 2836 opinio
1808 2769 2096 2832 minuatur,

530 2847 582 2890 ut
612 2840 875 2905 pontificia
908 2839 1193 2893 auctoritas
1231 2839 1570 2906 elanguescat
1609 2852 1828 2892 necesse
1855 2849 1955 2889 est.
1998 2837 2098 2893 Su-

530 2907 667 2962 berit
696 2909 964 2978 extemplo
1013 2924 1252 2963 summus
1285 2906 1518 2978 pontifex
1559 2908 1641 2961 vel
1682 2906 2097 2977 uniuscujusque

529 2978 723 3045 plebeii
771 2976 1002 3034 hominis
1051 2994 1311 3034 censurae.
1376 2976 1526 3032 Alius
1567 2984 1699 3031 ritus
1744 2991 1847 3029 non
1896 2976 2094 3033 recten

531 3047 822 3113 majoribus
851 3051 1122 3102 ordinatos
1154 3047 1459 3114 redarguet;
1489 3047 1624 3100 alius
1656 3063 1757 3099 non
1785 3045 2095 3103 observatas

528 3102 836 3170 traditiones
883 3118 1127 3185 objiciet;
1173 3102 1548 3170 aliosumorem
1581 3117 1889 3183 cultumque
1914 3131 2092 3170 sacro-
2122 3102 2170 3167 C

530 3201 646 3257 rum
680 3202 954 3254 perperam
1004 3186 1475 3257 interpretabitnr;
1509 3186 1644 3239 alius
1680 3197 1858 3257 gestus
1885 3185 2100 3242 deride-

528 3256 599 3309 bit
627 3266 678 3309 et
703 3258 1072 3312 snb~annabit.
1136 3256 1200 3310 Et
1228 3272 1347 3310 cum
1380 3266 1749 3310 antecessows
1778 3256 1847 3308 tui
1878 3270 2103 3311 consue-

526 3329 739 3393 verint,
786 3344 880 3394 pro
927 3337 1205 3396 tempore,
1287 3343 1382 3394 pro
1432 3326 1570 3391 loco,
1640 3342 1735 3394 pro
1790 3327 2106 3382 necessitate

524 3399 875 3452 carettlonias
920 3399 1240 3467 quandoque
1288 3405 1532 3467 mutare,
1586 3410 1689 3450 non
1718 3405 1873 3449 erunt
1911 3398 2103 3451 summi

529 3468 809 3535 pontifices
838 3470 920 3523 sui
942 3465 1181 3532 arbitrii,
1216 3482 1389 3535 neque
1415 3465 1532 3521 sine
1563 3467 1697 3534 vulgi
1729 3468 2103 3519 murmuratio-

526 3551 594 3590 ne
640 3539 691 3591 id
722 3541 938 3607 exsequi
972 3546 1222 3606 poterunt
1248 3577 1262 3600 ,
1308 3548 1578 3607 utcunque
1609 3535 1972 3607 resgfamiliari
2002 3552 2096 3607 co-

524 3609 763 3674 gnitione
810 3605 879 3661 in
921 3605 1286 3676 contemptum
1333 3605 1617 3660 adducent.
1685 3605 1941 3676 Quodne
1989 3605 2100 3671 fiat,

530 3692 638 3728 non
670 3679 844 3730 minus
871 3674 1160 3731 curandum
1191 3691 1220 3729 a
1247 3676 1399 3732 nobis
1419 3715 1433 3740 ,
1473 3678 1561 3744 qui
1594 3690 1719 3729 vero
1752 3674 1875 3728 fidei
1904 3675 2103 3731 lumine

525 3746 1033 3810 illustrarnur,quam
1055 3757 1295 3801 curatum
1314 3746 1385 3800 sit
1405 3746 1529 3798 olim
1552 3762 1579 3797 a
1603 3744 1885 3816 gentilibus
1912 3746 1962 3798 in
1992 3748 2102 3802 suis

524 3816 989 3881 superstitionibus
1010 3861 1025 3885 ,
1059 3817 1249 3884 quibus
1278 3817 1429 3883 quasi
1467 3816 1746 3883 peculiaris
1781 3829 1896 3869 mos
1925 3818 2098 3869 omni-

528 3885 627 3939 bus
656 3902 847 3941 arcana
874 3889 1311 3940 creremon'arum
1343 3900 1440 3940 nec
1470 3887 1604 3940 velle
1627 3927 1642 3950 ,
1695 3899 1793 3938 nec
1822 3886 2019 3940 audere
2048 3886 2099 3940 in

529 3956 716 4023 vulgus
747 3957 923 4021 cdere,
956 3958 1315 4011 asserentibus
1347 3972 1450 4008 non
1480 3957 1640 4009 licere
1680 3956 1913 4023 profanis
1943 3970 2101 4011 nosse

523 4025 745 4079 deorum
770 4028 1046 4096 mysteria,
1078 4042 1289 4095 semper
1312 4026 1437 4091 fttit;
1472 4026 1522 4080 in
1546 4027 1738 4092 quibus
1766 4026 1905 4078 nulla
1932 4026 2101 4094 major

524 4112 681 4162 quam
719 4097 851 4150 fides
890 4097 1084 4150 silentii
1132 4098 1433 4151 deberetur.
1476 4096 1625 4162 Quod
1678 4104 1736 4148 ut
1773 4104 1965 4150 cretera
2007 4096 2096 4150 in-

526 4168 875 4220 numerabilia
933 4176 1170 4231 taceam,
1226 4182 1345 4235 quae
1394 4168 1534 4219 circa
1581 4166 1693 4220 haec
1736 4180 1765 4218 a
1809 4164 2094 4228 Macrobio,

523 4235 769 4306 Apuleio,
811 4236 1041 4306 Valerio,
1076 4237 1380 4300 Plutarcho,
1414 4251 1478 4290 ac
1508 4237 1717 4291 caeteris
1746 4238 1977 4304 antiquis
2003 4251 2097 4290 au-

523 4305 761 4361 ctoribus
791 4305 1117 4371 referuntur,
1151 4308 1423 4360 memoria:
1473 4306 1720 4360 traditum
1761 4316 1842 4360 est
1869 4305 2095 4374 Tarqui-

523 4376 668 4446 nium
701 4392 913 4446 regem,
942 4378 1011 4431 Μ.
1042 4377 1306 4439 Tullium,
1338 4376 1475 4444 quod
1505 4376 1693 4429 librum
1725 4386 1933 4430 secreta
1964 4378 2095 4431 civi-

522 4445 649 4498 lium
696 4445 970 4499 saCrorum
1020 4447 1383 4501 continentem
1413 4446 1621 4500 cuidam
1663 4446 1863 4501 Sabino
1893 4447 2096 4501 descri-

505 4515 753 4569 bendum
804 4517 1079 4581 dedisset,
1158 4516 1317 4569 Colso
1370 4518 1593 4570 insulam
1643 4517 1693 4569 in
1746 4532 1892 4570 mare
1935 4515 2090 4584 abjici

520 4586 762 4651 iussisse.
813 4587 961 4653 Quod
991 4588 1037 4641 si
1066 4587 1203 4655 apud
1233 4602 1325 4640 eos
1357 4596 1505 4641 tanto
1541 4587 1800 4655 supplicio
1832 4587 1947 4640 libri
1977 4589 2092 4641 sola

525 4656 813 4725 desciiptio
855 4657 1116 4710 vindicata
1167 4665 1282 4717 est,
1332 4672 1433 4725 qua
1484 4671 1636 4724 ptena
1679 4657 1819 4723 apud
1849 4673 1945 4709 nos
1990 4658 2094 4711 erit

523 4724 840 4781 afficiendus
887 4728 974 4795 qui
1016 4742 1120 4779 non
1168 4724 1359 4780 solum
1389 4742 1536 4781 sacra
1585 4728 1965 4794 descripserit,
1996 4728 2089 4780 sed

519 4798 679 4849 etiam
707 4799 972 4864 descripta
990 4799 1309 4862 corruperit,
1338 4812 1401 4851 ac
1421 4807 1667 4864 corrupti
1700 4796 2094 4861 divulgaverit?

517 4867 669 4920 Adde
695 4868 837 4936 quod
879 4867 967 4919 ille
998 4865 1243 4919 triumvir
1273 4865 1376 4919 illis
1404 4868 1605 4921 eisdem
1647 4868 1815 4920 sacris
1843 4876 2088 4935 prmerat,

515 4935 818 5006 licebatque
863 4937 937 4990 illi
969 4937 1214 4991 eumdem
1247 4937 1436 4989 Iihrum
1481 4942 1654 5003 legere
1686 4946 1740 4989 et
1769 4945 2087 5002 attrectare;

518 5007 602 5059 hic
634 5005 816 5060 noster
859 5007 926 5059 ab
963 5007 1212 5061 omnibus
1235 5007 1570 5060 caeremoniis
1600 5005 1803 5059 alienus
1830 5022 1891 5060 ex
1922 5007 2092 5061 sacris

518 5079 881 5143 penetralibus
931 5076 1071 5131 furto
1120 5077 1308 5131 librum
1362 5076 1502 5130 hunc
1551 5077 1882 5143 subripuisse
1937 5078 2091 5132 facile

515 5148 662 5201 credi
695 5158 886 5215 potest.
931 5149 1060 5201 Nam
1093 5162 1213 5201 cum
1259 5149 1599 5201 Innocentius
1636 5145 1747 5200 Vlll
1778 5162 1983 5200 summa
2010 5147 2092 5200 in-

512 5218 718 5272 dnstria
765 5220 1021 5274 collectas
1065 5219 1117 5271 in
1161 5219 1299 5272 hunc
1341 5220 1532 5272 librum
1565 5218 1952 5282 caeremonias,
1984 5232 2087 5271 non

517 5288 765 5353 ignorans
808 5306 966 5359 qnam
1017 5290 1294 5343 retinenda
1345 5299 1398 5342 et
1441 5287 1751 5342 orcultanda
1802 5287 1973 5359 forent
2004 5303 2089 5341 sa-

513 5371 727 5428 crorum
760 5357 972 5421 arcana,
1005 5361 1055 5413 in
1080 5360 1256 5428 palatii
1286 5364 1520 5412 sacrario
1543 5374 1604 5411 ac
1633 5357 1867 5410 interiori
1894 5360 2084 5410 hihlio-

521 5426 685 5498 theca
703 5443 902 5498 magna
930 5443 1048 5481 cntn
1081 5426 1363 5498 diligentia
1387 5430 1713 5483 observanda
1738 5430 2085 5491 reposuisset,

517 5506 572 5548 ut
602 5496 724 5548 inde
758 5512 801 5563 με
824 5512 848 5549 r
875 5496 993 5550 illos
1022 5496 1223 5551 tantum
1254 5500 1341 5563 qui
1376 5509 1686 5567 prmesscnt,
1712 5498 1923 5565 quando
1954 5514 2088 5565 opus

517 5577 681 5623 esset,
714 5569 1020 5634 incorrupte
1048 5567 1409 5633 haurirentur,
1460 5569 1618 5635 idque
1664 5567 1766 5621 hnc
1797 5583 1963 5636 usque
1991 5569 2088 5621 oh-

514 5644 784 5706 servatum
833 5636 1019 5706 fuisset
1042 5677 1057 5698 ,
1103 5640 1371 5705 quomodo
1402 5640 1465 5692 ad
1501 5639 1657 5706 hujus
1689 5653 1877 5691 manus
1905 5655 2087 5705 pervc-

518 5703 716 5773 ncrint,
750 5718 854 5759 non
887 5704 1049 5774 liquet
1077 5703 1227 5762 satis.
1270 5707 1400 5763 Illud
1429 5703 1782 5765 cet-tifsimum
1812 5703 1915 5776 est,
1948 5710 2086 5781 quod

2124 4480 2173 4541 D

2230 480 2426 524 ventus
2451 481 2534 545 est
2560 514 2576 538 ,
2628 476 2716 545 qui
2744 477 2883 545 quod
2910 492 3067 531 nemo
3093 479 3231 535 alius
3259 484 3425 537 etiam
3459 476 3600 539 inter
3624 502 3813 544 sacras

2224 543 2579 618 caeremonias
2602 543 2866 618 educatus
2891 561 3119 618 unquam
3149 565 3309 606 ausus
3338 552 3551 618 fuisset,
3584 543 3813 612 auderet

2223 623 2328 694 non
2378 611 2548 690 solum
2600 613 2791 694 librum
2840 611 2992 694 hunc'
3024 617 3075 670 in
3124 611 3593 694 profanasmanus
3620 611 3808 694 edere,

2222 677 2317 763 sed
2351 680 2524 763 etiam
2562 684 2727 763 multa
2773 677 3136 757 subtrahere,
3177 692 3430 746 nonnulla
3475 677 3689 749 addere
3706 677 3811 760 Iéi

2222 751 2611 828 quamplurima
2669 754 2949 828 immutare
2999 766 3053 809 et
3104 751 3468 827 corrumpere.
3542 766 3613 816 At
3669 751 3811 820 dicat

2222 819 2361 898 ipse,
2386 819 2634 898 obsecro,
2663 824 2874 898 ubinam
2905 824 3032 880 istas
3056 819 3429 898 caaremonias,
3450 848 3587 896 quas
3611 819 3807 888 immo;

2222 887 2431 970 tabat,
2462 889 2762 970 didicerat?
2802 909 2907 970 quo
2947 907 3165 970 auctore
3190 943 3203 959 ,
3252 914 3359 970 quo
3388 887 3673 967 magistro,

2220 954 2470 1036 facu!_tate
2518 954 2831 1036 nitebatur?
2876 980 2995 1036 natu
3020 966 3066 1019 si
3096 954 3232 1021 liber
3261 954 3379 1036 ipse
3410 954 3807 1026 cauponiis;

2220 1038 2250 1106 ξι
2279 1028 2408 1108 sede
2445 1030 2759 1108 apostolica
2781 1034 3103 1108 approbatus
3142 1036 3230 1105 jus
3277 1028 3333 1093 et
3361 1041 3533 1108 legent
3568 1041 3719 1104 facit,
3752 1055 3807 1096 ut

2220 1094 2274 1148 in
2300 1094 2649 1178 Elementinis
2673 1140 2689 1165 ,
2720 1094 2902 1178 tiu-de
2918 1094 3280 1178 jurejurando,
3312 1094 3578 1163 sancitum
3605 1094 3727 1178 est:

2220 1164 2349 1245 nulli
2398 1177 2752 1247 praeterquam
2802 1164 3046 1247 prin'cipi'
3067 1176 3198 1247 licet
3245 1164 3308 1229 ea
3354 1194 3472 1245 quae
3513 1164 3655 1247 juris
3684 1164 3807 1237 sunt

2222 1237 2523 1317 innnutare,
2556 1237 2717 1309 59o
2750 1237 2852 1317 qua
2894 1243 3109 1298 audacia
3138 1243 3282 1317 hunc
3325 1237 3617 1317 impulsum
3659 1251 3802 1307 dice-

2220 1318 2360 1367 mus,
2397 1314 2453 1363 ιιι
2481 1321 2601 1385 curn
2631 1311 2922 1385 secundum
2958 1316 3366 1385 constitutiones
3399 1311 3597 1371 nomen
3631 1320 3801 1375 adhuc

2220 1387 2371 1457 ειιιιιιι
2422 1380 2659 1457 nesciret
2696 1380 3004 1457 (appellavit
3051 1385 3193 1438 enim
3239 1400 3299 1439 se
3343 1387 3543 1454 ubique
3570 1390 3798 1445 electum

2218 1444 2675 1525 archiepiscOpum
2702 1444 2725 1525 ,_
2748 1444 2869 1504 cum
2909 1453 3136 1525 electum
3180 1464 3383 1509 tantum
3410 1444 3675 1523 appellare
3702 1444 3797 1515 de?

2218 1511 2445 1580 buisset,
2481 1511 2581 1595 nec
2609 1518 2802 1595 licebat
2828 1530 2951 1574 ante
2980 1522 3121 1588 pallii
3150 1511 3581 1595 assumptio'riem
3609 1511 3793 1595 quem-

2218 1597 2376 1663 quam
2424 1586 2882 1663 archiepiscopum
2934 1586 3260 1663 nominari),
3293 1586 3432 1647 hanc
3456 1595 3594 1663 juris
3624 1586 3795 1651 muta-

2219 1655 2416 1729 tionem
2447 1655 2545 1708 sibi
2574 1656 2734 1729 licere
2762 1655 3012 1726 putaret?
3044 1655 3389 1717 Descr'iliebat
3434 1655 3674 1729 profecto
3705 1669 3796 1721 bo-

2143 1753 2190 1813 B
2350 1724 2878 1813 Aquoddminime
2925 1730 3274 1813 intelligebat.
3304 1734 3363 1813 Si
3395 1724 3556 1813 enim
3590 1740 3795 1813 _eadem

2224 1806 2328 1845 non
2355 1794 2696 1867 ignorasset,
2731 1813 2903 1866 neque
2946 1794 3272 1856 ambuiasset
3303 1802 3357 1855 in
3390 1806 3655 1867 tenebris,
3694 1822 3791 1862 non

2218 1863 2482 1943 posuisset
2509 1866 2777 1943 sinistram
2794 1863 2894 1935 pro
2918 1872 3121 1943 dextra,
3171 1887 3275 1925 non
3304 1872 3511 1943 ﬁdelem
3544 1863 3794 1943 proflic-

2216 1931 2315 1983 lmt
2335 1970 2350 1995 ,
2373 2002 2385 2015 _
2404 1950 2508 1986 non
2539 1931 2843 2015 particulas
2890 1931 3159 2006 negativas
3207 1931 3676 2009 ant'disjunctivas'
3704 1947 3795 1999 ali-

2213 2002 2423 2067 quando
2448 2004 2753 2071 omisisset,
2782 2022 2900 2076 quae
2931 2002 3145 2063 sénsum
3177 2002 3549 2076 perverterent
3579 2023 3672 2066 aut
3700 2016 3794 2069 de-

2213 2081 2531 2152 pravarent;
2565 2089 2670 2152 non
2699 2076 3043 2152 pr.eleriisset
3076 2081 3322 2150 fanones,
3350 2082 3559 2152 vexilla,
3585 2082 3789 2150 colores,

2210 2142 2456 2219 collegia;
2505 2158 2605 2198 nec
2638 2145 2968 2219 immutasset
2987 2142 3314 2219 juramenta,
3369 2142 3795 2219 Benedictiones,

2211 2213 2525 2285 unctiones,
2550 2222 2603 2267 et
2629 2213 3081 2285 etetera'quae'de
3109 2219 3406 2274 substantia
3438 2232 3567 2274 sunt
3595 2233 3652 2276 et
3676 2213 3798 2277 clla;

2209 2290 2445 2355 racteres
2488 2283 2836 2351 imprimunt,
2874 2283 2998 2355 quae
3026 2289 3169 2341 nullo
3201 2299 3355 2353 pacto
3388 2290 3666 2346 immutari
3694 2294 3789 2345 de-

2206 2348 2332 2405 bent
2352 2363 2443 2405 aut
2479 2348 2716 2425 possunt.
2760 2348 3035 2425 Sed-quid
3065 2358 3116 2411 in
3160 2348 3242 2412 bis
3271 2361 3487 2414 moror?
3533 2361 3600 2415 ad
3652 2363 3797 2416 mille

2205 2430 2257 2473 et
2302 2435 2504 2496 supra,
2545 2423 2860 2496 beatissime
2910 2423 3103 2495 pater,
3147 2427 3524 2496 correptiones
3576 2446 3796 2487 enume-

2205 2494 2434 2544 ravimus
2463 2492 2513 2544 in
2545 2491 2680 2566 libro
2710 2493 2809 2547 hoc
2835 2491 2934 2548 suo
2954 2491 3125 2566 nuper
3146 2491 3435 2566 impresso,
3471 2499 3600 2554 dum
3646 2502 3790 2554 illum

2202 2574 2321 2613 cum
2372 2561 3003 2636 exemplariprotocollo
3034 2561 3291 2621 ’Pientini
3342 2561 3625 2636 praesulis,
3678 2572 3790 2625 veri

2202 2630 2474 2695 auctoris,
2518 2632 2861 2687 contulimus.
2920 2634 3028 2689 Nec
3068 2638 3243 2690 verbis
3284 2630 3490 2691 nostris
3520 2630 3681 2693 fidem
3711 2642 3796 2692 ba.

2202 2697 2323 2778 beat
2384 2703 2637 2778 sanctitas
2696 2712 2867 2757 vestra
2905 2705 3095 2778 librum
3150 2705 3324 2775 ipsum
3374 2722 3539 2778 quem
3602 2709 3795 2778 protuli

2202 2770 2536 2843 intueatura,
2570 2770 2785 2840 Signata
2839 2782 2989 2827 sunt‘
3017 2775 3129 2829 loca
3154 2770 3290 2841 [aut
3346 2770 3647 2843 asterisco,
3710 2790 3795 2833 aut

2200 2836 2357 2916 linea,
2389 2836 2681 2916 antiitura.
2726 2843 2870 2916 Nulla
2904 2858 3119 2916 prorsus
3156 2836 3356 2916 pagina
3406 2862 3598 2900 errore
3626 2836 3785 2901 vacat.

2197 2905 2327 2972 Qua:
2361 2910 2539 2984 omnia
2577 2925 2678 2963 non
2709 2914 2882 2984 minus
2906 2905 3025 2984 'pro
3069 2905 3262 2980 pietate
3312 2924 3399 2969 tua
3458 2932 3586 2984 erga
3637 2918 3790 2971 Deum

2200 2978 2485 3043 reprobare
2532 2982 2895 3055 e_t.repellere
2930 2978 3137 3055 'dehet
3176 2986 3438 3039 sanctitas
3500 2978 3589 3039 tua
3640 3004 3790 3055 quam

2198 3060 2295 3124 pro
2326 3055 2409 3124 tua
2444 3049 2643 3124 justitia
2674 3064 2863 3124 curare
2893 3094 2929 3124 ,_
2952 3068 3018 3107 ne
3046 3052 3297 3107 defuncto
3346 3056 3527 3109 eidem
3586 3049 3790 3124 praesuli

2208 3115 2449 3193 l‘ientino
2476 3160 2509 3193 ,_
2548 3120 2680 3193 viro_
2713 3121 3061 3193 doctissimo,
3115 3138 3178 3176 ac
3225 3124 3294 3178 de
3341 3125 3479 3179 sede
3508 3115 3790 3193 apostolica

2212 3186 2347 3264 bene
2383 3187 2602 3253 merito,
2635 3187 2712 3264 vis
2751 3199 2806 3244 et
2832 3190 3019 3264 injuria
3048 3186 3340 3258 inferatur,
3398 3186 3617 3263 suisque
3666 3197 3793 3264 vigi-

2210 3255 2327 3321 liis,
2362 3271 2468 3330 _suo
2518 3258 2731 3313 nomine
2774 3260 3051 3328 spolietur,
3103 3277 3167 3317 ac
3209 3255 3565 3318 suo'honor'e
3616 3255 3789 3330 priv'e-

2210 3334 2317 3377 tttr.
2361 3326 2409 3380 ls
2438 3341 2555 3399 cum
2606 3329 2784 3396 plures
2806 3326 2987 3384 annos
3035 3333 3405 3399 magistratum
3444 3326 3794 3388 ceremonia-

2209 3411 2322 3447 rum
2350 3398 2560 3464 egregie
2588 3409 2641 3452 et
2669 3400 2800 3453 scite
2826 3398 3184 3465 exercuisset,
3221 3402 3288 3456 ab
3320 3402 3642 3457 Innocentio
3679 3404 3788 3458 Vlll

2207 3466 2598 3541 praedecessore
2627 3478 2680 3523 et
2705 3468 2976 3541 aflinegtuﬁo
3019 3472 3089 3526 ab
3133 3471 3444 3540 hujusmodi
3477 3475 3788 3541 magistratu

2207 3536 2499 3610 vacatione
2532 3546 2746 3606 accepta
2767 3579 2781 3602 ,
2830 3539 3029 3610 eisdem
3060 3536 3235 3595 tamen
3278 3536 3790 3610 stipendiis'Senas.

2207 3613 2453 3674 tanquam
2487 3607 2537 3660 in
2570 3621 2837 3661 secessum
2870 3608 3239 3664 litteratorium
3261 3651 3276 3675 ,
3307 3607 3378 3664 ad
3407 3612 3674 3666 Romana:
3699 3613 3794 3667 Ec-

2205 3674 2382 3727 clesia:
2416 3679 2763 3749 caeremonias
2804 3682 2851 3730 in
2896 3679 3089 3733 librum
3123 3674 3270 3734 hunc
3291 3681 3637 3749 colligendas
3668 3684 3790 3736 mis-

2204 3753 2428 3819 snsgest.
2462 3745 2749 3819 Laboravit
2778 3749 3010 3802 triennio
3039 3753 3121 3802 vir
3148 3751 3329 3819 gravis
3358 3760 3417 3804 et
3436 3745 3680 3806 summa:
3703 3767 3792 3806 ex-

2206 3817 2511 3882 perientim;
2558 3817 2771 3870 deruunt
2814 3819 3108 3874 incredibili
3153 3817 3327 3874 studio
3357 3829 3413 3873 et
3441 3832 3641 3874 exacta
3670 3823 3794 3875 dili-

2203 3885 2379 3951 gentia
2409 3885 2708 3958 absolutum
2756 3886 2950 3958 librum
2983 3888 3218 3957 ejusdem
3271 3891 3553 3958 pontiﬁcis
3588 3892 3788 3945 nomini

2203 3955 2515 4022 antepositis
2541 3956 2651 4010 suis
2682 3957 2925 4025 epistolis
2952 3955 3247 4024 dedicavit,
3274 3955 3579 4014 contentus
3623 3963 3704 4015 \el
3731 3976 3793 4015 eo

2206 4027 2420 4099 nomine
2449 4026 2589 4094 quod
2639 4027 2776 4094 apud
2817 4038 3073 4099 posteros
3120 4044 3222 4083 non
3270 4043 3483 4094 auctor,
3517 4031 3617 4083 sed
3649 4034 3791 4099 quasi

2202 4094 2459 4147 collector
2518 4104 2609 4149 aut
2655 4094 2970 4164 compilator
3017 4112 3286 4152 sacrarum
3336 4094 3790 4154 caeremoniarum

2201 4163 2487 4218 drceretur.
2547 4165 2653 4219 Nec
2684 4163 3006 4221 existimavit
3034 4167 3206 4223 bonus
3237 4178 3390 4235 pater
3418 4169 3665 4236 aliquem
3693 4186 3786 4223 suo

2203 4242 2405 4287 tantum
2458 4236 2656 4289 nomini
2702 4236 3013 4291 invisorum.
3058 4238 3160 4292 Sed
3187 4253 3219 4292 ο
3247 4252 3427 4292 mores
3459 4240 3780 4292 hominum!

2202 4318 2307 4357 non
2328 4303 2575 4377 _erubuit
2616 4306 2715 4377 sub
2764 4314 2854 4359 tuo
2880 4306 3187 4372 pontificatu
3221 4307 3429 4361 electus
3465 4308 3565 4363 ille
3592 4309 3788 4377 Corcy-

2202 4373 2373 4427 rensis
2401 4375 2519 4446 ejus
2548 4375 2717 4429 Patris
2737 4419 2751 4441 ,
2798 4376 2951 4446 cujus
2981 4377 3251 4432 debuisset
3283 4380 3468 4444 potius
3496 4373 3788 4432 observare

2208 4444 2541 4516 memoriam,
2572 4445 2832 4516 abradere
2855 4444 3047 4500 nomen
3077 4456 3133 4501 et
3162 4448 3436 4516 epistolas,
3467 4463 3537 4499 ac
3562 4461 3691 4500 suas
3720 4450 3783 4500 ita

2200 4514 2473 4580 inserere,
2526 4523 2584 4567 ut
2624 4530 2684 4569 se
2730 4515 2844 4570 libri
2887 4516 3042 4583 hujus
3083 4514 3474 4571 caeremonialis
3509 4529 3782 4569 auctorem

2200 4583 2424 4638 credere
2467 4594 2711 4638 secutura
2763 4587 3044 4653 posteritas
3085 4587 3421 4641 crederetur.
3484 4588 3621 4650 Quis
3645 4586 3781 4639 enim

2202 4653 2253 4706 in
2285 4655 2385 4725 hoc
2413 4656 2547 4709 libro
2568 4671 2746 4725 nuper
2773 4655 3033 4725 impresso
3075 4666 3430 4725 praeterquam
3474 4672 3615 4710 unus
3641 4656 3784 4709 Chri-

2198 4723 2484 4791 stophorus
2531 4720 2806 4779 Marcellus
2850 4720 3186 4779 nominatur?
3212 4720 3507 4792 ‘Quodnam
3555 4725 3780 4779 Pientini

2200 4794 2442 4861 prte~ulis
2488 4795 2719 4848 auctoris
2742 4835 2758 4859 ,
2802 4804 2895 4848 aut
2936 4796 3154 4849 alterius
3183 4797 3420 4862 cujusvis
3451 4796 3652 4864 legitur
3680 4811 3783 4848 no-

2200 4865 2362 4915 men?
2399 4864 2536 4928 Qun
2564 4867 2721 4917 etiam
2752 4864 3011 4918 subtraxit
3038 4866 3157 4931 iste,
3187 4868 3275 4933 qui
3302 4875 3410 4918 tam
3440 4866 3783 4932 impudenter

2190 4933 2400 4987 alienos
2436 4934 2535 4987 sibi
2560 4934 2768 4988 labores
2797 4935 3061 5000 vindicat,
3094 4935 3252 4989 verba
3283 4934 3427 4989 illius
3455 4935 3650 5001 Optimi
3680 4934 3779 4989 Pa-

2196 5002 2311 5064 tris,
2346 5006 2536 5071 qnibns
2566 5004 2617 5056 in
2647 5005 2817 5069 capite
2848 5005 2915 5059 de
2947 5005 3159 5059 clericis
3197 5005 3651 5058 czeremoniarum
3683 5005 3780 5057 im-

2192 5071 2572 5141 perfectionem
2626 5088 2774 5127 suam
2825 5077 3148 5139 excusabat,
3198 5075 3426 5129 dicentis
3460 5075 3602 5128 inter
3632 5076 3775 5128 alia:

2196 5143 2405 5197 Utinam
2429 5152 2535 5196 tam
2563 5146 2697 5198 bene
2718 5143 2949 5197 officium
2975 5160 3148 5198 meum
3178 5147 3445 5198 sustinere
3469 5145 3776 5205 scivissem.

2193 5227 2315 5267 cuin
2346 5215 2395 5266 in
2419 5230 2484 5268 eo
2508 5213 2600 5280 fui,
2624 5229 2778 5283 quam
2804 5214 2938 5268 bene
2965 5214 3332 5281 imperfectum
3364 5229 3547 5267 meum
3579 5229 3778 5283 cogno-

2192 5298 2306 5339 sco.
2351 5284 2446 5337 Eat
2476 5285 2652 5353 igitur,
2695 5285 2793 5337 etsi
2825 5300 2928 5338 non
2968 5284 3113 5349 dolo,
3147 5301 3250 5337 non
3284 5283 3469 5337 fraude
3500 5284 3553 5336 id
3583 5283 3777 5337 fecisse

2192 5364 2450 5419 autumet,
2481 5357 2624 5407 dicat
2651 5370 2709 5408 se
2738 5368 2861 5408 snas
2883 5354 3136 5421 epistolas
3158 5356 3223 5407 ad
3252 5364 3631 5408 ornamentum
3663 5362 3776 5407 tan-

2194 5437 2301 5479 tum
2326 5426 2658 5493 apposuisse,
2686 5440 2788 5477 non
2813 5434 2869 5478 ttt
2892 5424 3075 5479 laudes
3103 5425 3305 5479 alienas
3336 5434 3645 5490 usurparet.
3670 5424 3775 5478 Sed

2190 5496 2563 5563 interrogetur,
2610 5498 2857 5559 obsecro,
2904 5495 3180 5563 cujusnam
3229 5495 3302 5548 sit
3347 5495 3436 5546 illa
3469 5493 3775 5547 lucubratio

2190 5581 2347 5634 quam
2361 5568 2494 5619 adeo
2519 5565 2905 5618 efficacissimis
2940 5564 3115 5618 verbis
3135 5581 3163 5617 a
3183 5565 3469 5618 sanctitate
3494 5572 3584 5617 tua
3606 5564 3773 5629 accipi

2195 5638 2352 5705 591
2384 5634 2437 5688 in
2472 5637 2638 5700 prima
2664 5635 2885 5701 epistola
2916 5634 3195 5703 efﬂagitat,
3224 5644 3473 5688 utrumve
3508 5634 3775 5700 intelligat

2194 5704 2367 5763 brevis
2393 5706 2632 5777 epistola:
2658 5714 2789 5774 sure,
2820 5721 2889 5763 an
2916 5706 3076 5763 totius
3098 5704 3273 5776 operis
3302 5705 3771 5770 lucubrationem;
